2079 3033
421 226 424 228 Δ
459 164 810 210 PRINCIPIA
841 164 1400 212 MATHEMATICA.
1621 188 1698 230 439

675 268 1146 343 LEMMAIV

138 397 335 445 Cametas
347 395 434 460 esſse
448 394 585 444 Luna
587 394 845 463 superiores
857 393 918 448 &²
932 395 980 444 in
992 395 1170 462 regione
1185 396 1479 448 Planetarum
1493 400 1685 460 versari.

193 510 252 552 Ut
292 510 476 553 defet‘tus
503 511 749 552 Parallaxeos
775 511 930 552 diurnae
959 513 1101 553 extulit
1128 512 1324 554 Cometas
1354 514 1468 569 supra
1499 517 1684 569 regiones

138 565 364 606 sublunares
383 594 394 611 ‚
430 565 482 605 fic
510 579 562 606 ex
588 565 777 606 Parallaxi
802 579 931 607 annua
956 567 1211 608 convincitur
1237 581 1381 609 eorum
1410 569 1617 612 descensus
1644 572 1686 614 in

138 621 324 673 regiones
368 619 637 659 Planetarum.
709 619 815 658 Nam
850 620 1038 661 Cometae
1082 623 1156 675 qui
1189 623 1504 676 progrediuntur
1543 626 1682 667 secun-

137 673 235 714 dum
266 672 452 713 ordinem
479 671 683 724 fignorum
712 671 802 712 sunt
831 684 973 712 omnes
991 702 1002 719 ‚
1047 675 1116 715 sub
1148 677 1260 717 exitu
1288 679 1543 731 apparitionis
1561 709 1573 727 ‚
1615 690 1683 722 aut

1699 261 1858 292 annff

1701 299 1892 333 '‘runnu-'s

135 727 252 768 solito
278 726 474 767 tardiores
499 736 567 767 aut
594 725 821 779 retrogradi
842 754 854 772 ‚
893 725 921 766 fi
946 725 1079 767 Terra
1105 729 1163 768 est
1188 730 1292 771 inter
1319 731 1423 785 ipsos
1453 733 1494 774 δε
1522 734 1655 776 Solem
1670 752 1691 781 ς,-
1713 741 1718 745 '

133 790 174 822 at
197 780 303 834 justo
328 781 541 822 celeriores
567 780 595 821 fi
619 779 751 820 Terra
780 780 910 834 vergit
937 780 987 820 ad
1014 782 1321 833 oppositionem.
1378 784 1433 825 Et
1458 800 1481 827 e
1509 798 1649 830 contra
1668 818 1681 837 ,

132 835 204 888 qui
231 845 405 888 pergunt
429 845 569 877 contra
594 833 781 875 ordinem
812 834 1015 888 fignorum
1039 835 1129 879 sunt
1153 835 1257 888 justo
1288 838 1502 880 celeriores
1533 842 1573 882 in
1599 843 1679 884 fine

133 889 391 943 apparitionis
410 916 422 935 ‚
459 890 486 930 fi
511 890 643 931 Terra
673 888 849 930 versatur
878 889 982 929 inter
1007 889 1110 942 ipsos
1138 890 1180 930 δε
1207 891 1366 940 Solem3
1403 891 1445 932 &-
1469 894 1573 946 justo
1602 906 1680 937 tar-

132 943 269 989 diores
298 945 361 985 vel
390 944 615 998 retrogradi
645 943 674 984 fi
700 943 832 984 Terra
857 943 927 984 fita
951 943 1007 984 est
1032 944 1086 984 aci
1111 945 1332 986 contrarias
1359 958 1500 1000 partes.
1568 950 1681 992 Con-

132 998 253 1052 tingit
283 998 361 1039 hoc
387 999 558 1039 maxime
586 1012 637 1040 ex
662 1007 778 1039 motu
794 997 939 1039 Terrae
965 998 1006 1038 in
1031 998 1144 1039 vario
1173 998 1290 1052 ipfius
1310 999 1406 1048 situ,
1434 1002 1604 1055 perinde
1633 1015 1677 1046 ut

130 1051 177 1092 fit
202 1052 445 1094 in-‘Planetis
463 1082 475 1100 ‚
513 1053 605 1107 qui,
641 1065 717 1107 pro
742 1061 857 1093 motu
884 1052 1029 1093 Terrae
1056 1053 1120 1094 vel
1148 1054 1400 1108 conspirante
1427 1058 1489 1097 vel
1517 1069 1678 1101 contra-

129 1105 217 1153 rio,
254 1107 617 1160 nunc‘retrogradi
645 1107 755 1154 sunt,
795 1119 902 1147 nunc
930 1106 1082 1148 tardius
1109 1108 1301 1161 progredi
1328 1109 1537 1160 videntur,
1567 1125 1677 1156 nunc

129 1172 229 1200 vero
263 1161 443 1202 celerius.
512 1161 554 1202 Si
580 1160 712 1202 Terra
739 1161 870 1215 pergit
897 1161 945 1202 ad
971 1161 1142 1202 eandem
1171 1173 1326 1215 partem
1353 1177 1448 1206 cum
1476 1166 1648 1209 Cometa
1665 1199 1686 1217 ‚f

127 1213 170 1253 &
198 1224 315 1257 motu
348 1216 526 1268 angulari
556 1216 662 1257 circa
692 1215 830 1257 Solem
859 1225 973 1257 tanto
1003 1216 1171 1257 celerius
1201 1217 1357 1267 fertur,
1400 1229 1444 1260 ut
1473 1221 1578 1262 τιτθία
1602 1235 1675 1276 per

124 1266 299 1309 Terram
339 1270 381 1310 δε
418 1271 634 1312 Cometam
672 1280 871 1324 perpetuo
911 1269 1029 1311 dueta
1068 1283 1288 1326 convergat
1324 1273 1543 1328 adpartes
1572 1278 1675 1319 ultra

127 1320 345 1364 Cometam
360 1353 370 1369 ,
396 1324 572 1365 Cometa
592 1338 614 1365 e
632 1324 765 1366 Terra
794 1324 1010 1376 speetatuffi
1047 1325 1100 1365 ob
1124 1336 1281 1368 motum
1300 1327 1413 1369 suum
1434 1331 1652 1374 tardiorem
1664 1360 1685 1379 ,-

126 1387 290 1430 apparet
316 1377 394 1420 effe
418 1379 706 1433 retrogradu33.
731 1377 787 1419 fin
804 1378 938 1419 Terra
965 1379 1115 1421 tardius
1132 1379 1281 1429 fertur,
1309 1394 1443 1425 motus
1461 1384 1680 1435 Cometaeaf

533 1501 663 1536 GP
903 1497 933 1530 C
1072 1478 1101 1526 Ε-
1232 1491 1274 1526 Α

949 1969 1009 2015 9,..

114 2093 321 2146 (den-atsto
349 2102 464 2135 motu
492 2094 662 2145 Terrae)
692 2094 735 2135 fit
766 2094 904 2135 saltem
930 2093 1093 2134 tardior.
1151 2095 1209 2135 At
1234 2094 1260 2136 fi
1289 2094 1419 2138 Terra
1448 2102 1579 2155 pergit
1606 2105 1648 2148 in

111 2149 328 2189 contrarias
363 2159 491 2202 partes
513 2180 522 2194 ‚
558 2149 733 2190 Cometa
770 2148 919 2190 exinde
955 2149 1132 2189 velocior
1167 2160 1341 2204 apparet.
1398 2151 1464 2195 Ex
1497 2159 1653 2200 accele-

110 2202 266 2243 ratione
297 2213 431 2244 autem
456 2204 519 2245 vel
554 2203 823 2245 retardatione
850 2204 913 2244 vel
941 2212 1054 2244 motu
1084 2205 1325 2258 retrogrado
1356 2206 1536 2251 distantia
1565 2213 1650 2253 Co-

110 2266 230 2297 metae
259 2258 299 2298 in
328 2259 435 2299 hunc
464 2258 632 2300 modum
662 2258 875 2311 colligitur.
932 2257 1060 2298 Sunto
1087 2257 1263 2316 ‘WQA‚
1292 2262 1465 2321 ‘WQIL
1504 2267 1654 2324 ‘VJQC

109 2310 325 2353 observatae
362 2323 440 2353 tres
478 2313 750 2367 longitudines
785 2311 1005 2360 Cometae,
1053 2312 1123 2354 sub
1157 2315 1274 2356 initio
1311 2328 1476 2366 motus,
1516 2321 1642 2373 fitque

37 2364 50 2376 ‘
107 2367 261 2418 {V’QF
296 2366 509 2421 longitudo
546 2367 689 2410 ultimo
726 2366 962 2412 observata>
1009 2367 1077 2409 ubi
1113 2368 1287 2412 Cometa
1323 2371 1450 2414 videri
1489 2373 1644 2466 dxesmit.

688 2440 694 2447 =
1533 2437 1649 2481 gatur
