2079 3033
547 143 592 186 512
641 139 690 183 R
746 136 891 183 AEF
946 142 987 184 A
1030 139 1158 186 ’ΤᾹΙ
1216 141 1267 185 O.

149 220 369 274 misellum,
398 224 496 281 quid
513 222 711 280 optimum
742 223 847 265 saecu
876 224 1196 280 fitperi‘pecium
1214 223 1383 266 habere.
1432 222 1540 264 'Sana
1562 225 1690 265 omnir:³

145 282 193 322 δε
223 296 315 323 vera
344 280 592 334 Philosophia
616 278 814 319 fundatur
842 280 882 319 in
914 279 1192 321 Phaenomenis
1229 292 1390 320 rerum:
1438 290 1529 332 quae
1560 277 1587 317 fi
1616 292 1688 319 nos

139 337 211 378 vel
247 337 391 379 invitos
427 336 469 374 &
505 332 743 374 relu6iantes
779 333 828 374 ad
865 334 1094 385 hujusmodi
1133 334 1324 388 principia
1363 332 1606 378 deducunt,
1651 333 1692 373 in

142 392 290 446 quibus
319 388 525 432 clariffime
555 397 775 428 cernuntur
804 388 1025 429 Conlilium
1048 389 1247 442 optimum
1269 389 1308 428 &
1329 387 1566 428 Dominium
1587 387 1692 426 sum-

147 459 259 488 mum
288 443 554 497 sapientissimi
586 442 628 482 &
657 442 917 496 potentiffimi
943 442 1088 492 Enti83
1126 456 1208 484 non
1233 453 1349 483 erunt
1377 443 1462 483 haec
1491 441 1585 482 ideo
1604 452 1688 481 non

145 498 392 543 admittenda
428 497 621 551 principia
643 526 653 544 ‚
689 498 800 551 quod
842 497 1078 551 quibusdam
1110 497 1247 538 forsan
1284 496 1512 537 hominibus
1551 495 1682 536 minus

145 565 252 609 grata
282 553 354 594 fint
384 553 528 593 futura.
586 551 664 592 His
694 553 755 592 vel
786 551 983 593 Miracula
1013 553 1077 593 vel
1096 552 1317 605 Qualitates
1347 552 1517 591 occultae
1549 550 1684 590 dican-

134 620 227 656 *tu-r,
247 620 347 663 quae
376 607 616 660 displicent3
658 618 796 646 verum
827 608 989 647 nomina
1019 607 1211 648 malitiose
1241 606 1366 647 indita
1397 605 1595 655 non-suut
1625 605 1683 656 ip-

134 664 186 704 {is
214 663 331 704 rebus
362 662 461 702 vitio
494 660 720 707 vertenda3
760 660 830 700 nisi
867 661 965 702 illud
1002 662 1116 702 fateri
1151 661 1313 701 tandem
1353 661 1505 707 velint,
1536 659 1683 712 utique

128 717 288 758 -debere
307 716 609 770 Philosophiam
640 715 681 755 in
710 714 923 755 Atheismo
952 715 1122 757 fundari.
1180 714 1345 755 Horum
1366 714 1575 754 hominum
1595 726 1683 766 gra·-

135 774 193 813 tia
213 785 295 813 non
315 772 390 814 erit
403 768 674 825 labefactanda
692 769 943 824 Philosophia
956 800 971 819 3
999 770 1195 825 siquidem
1216 782 1353 811 rerum
1366 768 1477 809 ordo
1497 781 1578 808 non
1599 767 1682 808 vult

68 873 72 876 ,
137 829 354 869 immutari.

182 881 405 923 obtinebit
440 880 563 934 igitur
591 878 703 933 ‘apud
742 878 890 933 probos
929 880 971 920 δε
1008 893 1145 934 aequos
1178 880 1342 932 Judices
1372 874 1685 932 praestantiffima

135 935 451 990 Philosophandi
480 935 610 981 ratio,
648 946 738 988 quae
777 932 968 976 fundatur
1007 935 1048 975 in
1086 933 1384 988 Experimentis
1417 933 1456 972 ἃ
1487 930 1682 971 Observa-

141 990 327 1032 tionibus.
384 989 497 1031 Huic
516 1001 633 1033 vero,
663 989 744 1028 dici
765 989 832 1029 vix
851 990 1001 1040 poterit
1020 1019 1030 1037 ‚
1068 999 1214 1042 quanta
1226 989 1302 1030 'lux
1332 987 1497 1028 accedat
1517 1015 1528 1032 ,
1565 998 1688 1038 quan·

140 1053 182 1085 ta
210 1044 380 1098 dignitas
392 1074 411 1092 .‚
449 1043 497 1083 ab
527 1042 605 1083 hoc
634 1041 771 1095 Opere
799 1044 993 1096 praeclaro
1029 1039 1271 1084 Illustriffi'mi
1306 1042 1429 1083 nostri
1463 1038 1677 1083 Aufioriffi

141 1098 251 1151 cujus
270 1100 456 1140 eximiam
474 1097 624 1150 ingenii
653 1096 886 1137 felicitatem
904 1127 915 1145 ,
959 1096 1196 1138 difficillima
1224 1111 1397 1152 quaeque
1428 1095 1682 1136 Problemata

141 1153 351 1195 enodantis
369 1183 380 1201 ‚
417 1152 458 1193 &
487 1154 537 1192 ad
567 1164 612 1191 ea
641 1163 765 1204 porro
795 1153 1059 1205 pertingentis
1089 1152 1139 1192 ad
1169 1165 1259 1207 quae
1290 1165 1365 1192 nec
1392 1151 1477 1204 spes
1507 1158 1590 1189 erat
1609 1148 1702 1188 hm>

132 1220 296 1255 manam
331 1216 510 1248 mentem
547 1205 743 1258 affurgere
780 1206 980 1258 potuiffe,
1019 1208 1166 1247 merito
1202 1207 1449 1247 admirantur
1487 1205 1528 1244 δε
1567 1203 1687 1256 suspi-

129 1263 249 1302 -c—iunt
287 1263 519 1317 quicunque
555 1260 674 1314 paulo
713 1259 952 1313 profundius
999 1262 1040 1302 in
1082 1261 1188 1302 hisce
1234 1262 1350 1302 rebus
1399 1259 1541 1300 versati
1574 1257 1684 1298 sunt,

138 1315 325 1357 Claustris
354 1329 454 1370 ergo
481 1314 660 1356 reseratis
680 1343 691 1360 ‚
730 1313 884 1355 aditum
909 1316 1038 1356 Nobis
1068 1316 1223 1370 aperuit
1250 1316 1300 1356 ad
1329 1313 1595 1369 pulcherrima
1623 1325 1685 1351 re-

138 1383 228 1411 rum
245 1371 438 1425 mysteria.
497 1368 722 1423 Systematis
754 1367 957 1410 Mundani
994 1383 1233 1423 compagem
1271 1368 1601 1424 elegantiffimam
1629 1366 1683 1406 ita

136 1425 303 1474 tandem
332 1425 524 1479 pate-fecit
553 1424 594 1463 &
625 1422 799 1476 penitius
837 1424 1163 1478 perspeciandam
1203 1425 1317 1465 dedit
1339 1444 1352 1472 v;
1395 1433 1438 1464 ut
1467 1437 1544 1464 nec
1572 1422 1653 1475 ipse
1671 1450 1683 1467 ‚

135 1478 165 1520 fi
192 1492 304 1520 nuncv
322 1479 578 1519 revivisceret
597 1506 608 1523 ‚
646 1476 740 1515 Rex
769 1476 990 1529 Alphonsus
1016 1480 1082 1518 vel
1111 1479 1402 1530 simplicitatem
1431 1479 1494 1516 vel
1518 1477 1681 1516 hanno-

129 1533 213 1573 vniae
243 1533 409 1585 gratiam
438 1532 479 1571 in
509 1544 553 1570 ea
584 1528 840 1569 desideraret,
885 1530 1023 1583 Itaque
1051 1531 1217 1571 Naturae
1247 1530 1487 1582 majestatem
1517 1530 1680 1583 propius

132 1586 213 1638 jam
233 1587 325 1626 licet
344 1585 512 1629 intueri,
543 1585 583 1621 δε
605 1580 826 1624 duleiffima
847 1585 1189 1636 contemplatione
1209 1584 1306 1631 frui,
1325 1585 1593 1624 Conditorem
1615 1597 1682 1623 ve-

133 1652 182 1680 ro
204 1653 252 1679 ac
271 1638 496 1678 Dominum
516 1633 807 1675 Univer'sorum
820 1634 1042 1689 ‘impenfius
1062 1637 1196 1678 colere
1215 1638 1255 1676 δε
1271 1638 1555 1691 venerari‚qui
1574 1637 1682 1678 fruc-

131 1703 196 1734 tus
220 1691 561 1745 estPhilosophiae
582 1688 711 1730 multo
731 1687 967 1732 uberrimus.
1021 1691 1192 1732 Caecum
1213 1691 1290 1732 effe
1310 1701 1472 1744 oportet
1493 1721 1504 1739 ,
1531 1693 1601 1744 qui
1632 1705 1684 1733 ex

132 1748 296 1801 optimis
316 1747 356 1787 ἃ
374 1744 660 1800 sapientiffitnis
680 1755 816 1784 rerum
833 1744 1035 1786 strusturis
1066 1759 1149 1786 non
1176 1746 1309 1786 statim
1339 1747 1472 1786 videat
1501 1745 1682 1787 Fabrica-

130 1803 230 1843 toris
251 1800 553 1854 Omnipotentis
573 1798 768 1840 infinitam
786 1799 1015 1854 sapientiam
1035 1800 1075 1841 &
1096 1800 1317 1841 bonitatem
1337 1815 1346 1841 :
1377 1801 1553 1841 insanum
1572 1830 1584 1849 ‚
1612 1802 1682 1855 qui

130 1857 314 1911 profiteri
333 1856 445 1896 nolit.

186 1911 350 1952 Extabit
388 1911 510 1963 igitur
547 1909 753 1952 Eximium
794 1909 1052 1952 NEWTONI
1089 1910 1203 1963 Opus
1233 1910 1419 1951 adversus
1450 1910 1680 1952 Atheorum

128 1966 302 2019 impetus
330 1963 635 2005 munitissimum
666 1965 923 2019 praefidium:
971 1977 1103 2018 neque
1140 1966 1248 2006 enim
1278 1965 1464 2005 alicunde
1493 1965 1648 2006 felicius
1667 1994 1680 2013 ,

129 2033 248 2074 quam
268 2033 320 2060 ex
339 2019 410 2059 hac
429 2019 634 2071 pharetra,
664 2030 807 2060 contra
835 2019 998 2072 impiam
1025 2019 1241 2060 Catervam
1273 2020 1353 2060 tela
1373 2018 1680 2072 deprompseris,

129 2073 229 2115 Hoc
247 2073 361 2115 senfit
382 2073 561 2126 pridem,
581 2074 622 2112 δε
641 2074 682 2113 in
700 2073 942 2127 pereruditis
960 2074 1237 2114 Concionibus
1255 2075 1428 2127 Anglice
1447 2072 1678 2127 Latineque

126 2129 268 2175 editis,
294 2129 444 2182 primus
464 2128 625 2180 egregie
651 2127 940 2169 demonstravit
969 2127 1045 2169 Vir
1074 2128 1116 2168 in
1143 2129 1254 2168 omni
1274 2129 1507 2168 Literarum
1528 2139 1678 2180 genere

129 2184 338 2235 praeclarus
365 2183 556 2236 idemque
585 2181 780 2224 bonarum
812 2182 976 2223 Artium
1003 2181 1136 2223 fautor
1165 2183 1336 2223 eximius
1367 2181 1679 2224 RICHARDUS

124 2235 470 2284 immamus,
505 2236 648 2277 Saeculi
688 2237 745 2278 sui
785 2237 825 2277 &
866 2236 1099 2278 Academiae
1138 2234 1282 2277 nostrae
1320 2249 1510 2289 magnum
1550 2237 1680 2277 Orna-

131 2300 313 2331 mentum
344 2320 356 2338 ‚
395 2290 568 2342 Collegii
587 2291 709 2332 nostri
739 2290 778 2331 S.
799 2290 1017 2333 Trinitatis
1047 2291 1240 2344 Magister
1271 2290 1520 2343 digniffimus
1550 2291 1590 2331 ἃ
1620 2292 1681 2331 in-

129 2344 378 2398 tegerrimus.
442 2343 556 2386 Huic
593 2358 672 2399 ego
709 2359 774 2387 me
813 2345 990 2440 Ρῐὲτίὺῡς
1025 2346 1254 2388 nominibus
1293 2344 1548 2440 obstriciumd
1563 2344 1678 2440 fssteeri

867 2431 871 2433 ,
1553 2412 1572 2439 e
1631 2409 1676 2440 01:
