2079 3033
444 138 793 184 PRINCIPIA
821 136 1374 188 MATHEMATICA.
1422 152 1423 155 ’
1616 168 1688 207 343

148 228 247 278 (per
275 224 393 275 Prop.
420 233 513 261 xm.
541 220 582 261 <Sc
609 220 734 271 xm.)
773 220 983 262 consistere
1012 222 1164 277 nequit.
1220 225 1315 267 Soni
1347 240 1445 269 vero
1471 239 1683 283 propterea
1707 234 1843 268 Iaera

147 278 260 333 quod
287 291 308 317 a
334 275 569 330 corporibus
597 273 774 315 tremulis
812 276 992 316 oriantur
1009 305 1021 323 ,
1059 278 1155 318 nihil
1183 279 1288 321 aliud
1319 282 1407 323 sunt
1438 297 1558 339 quam
1584 287 1683 328 aeris
1702 272 1876 319 Secumusg

149 332 279 387 pulsus
297 330 502 386 propagati
524 357 535 376 ‚
572 341 642 382 per
664 328 784 390 Prop.
805 342 969 389 XLI-Its
1012 331 1288 375 Confirmatur
1312 335 1351 376 id
1373 350 1423 379 ex
1441 341 1684 383 tremoribus

150 400 251 441 quos
281 386 456 428 excitant
483 384 523 425 in
552 382 787 436 corporibus
815 383 980 437 objectis
1002 413 1013 431 ‚
1048 386 1074 426 fi
1103 388 1229 428 modo
1258 390 1515 434 vehementes
1544 395 1616 436 fint
1645 397 1688 436 δε

149 455 287 495 graves
308 471 320 489 ‚
357 440 491 494 quales
517 437 606 478 sunt
634 436 720 477 soni
751 437 1073 493 T'ympanorum.
1130 442 1233 483 Nam
1262 454 1457 488 tremores
1476 449 1689 492 celeriores

151 497 193 537 δε
212 495 414 537 breviores
442 491 644 533 difficilius
669 492 908 533 excitantur.
966 494 1046 534 Sed
1074 494 1114 535 ἃ
1139 496 1255 538 sonos
1285 501 1443 553 quosvis
1463 532 1474 549 ‚
1512 504 1553 544 in
1574 504 1691 545 chor-

150 551 219 592 das
239 547 473 602 corporibus
502 546 654 587 sonoris
680 546 862 587 unisonas
894 547 1085 601 impaPros
1105 579 1117 597 ,
1155 552 1331 594 excitare
1353 564 1547 598 tremores
1569 559 1691 600 notis.

150 605 290 646 fimum
318 602 385 643 est.
445 601 719 640 Confirmatur
749 599 868 641 etiam
897 615 946 641 ex
971 604 1185 645 velocitate
1215 607 1415 655 sonorum.
1474 612 1578 653 Nam
1598 627 1691 655 cum

146 656 328 713 pondera
345 654 526 709 specifica
546 655 677 707 Aquae
695 654 872 705 pluvialis
901 655 942 694 &
971 657 1145 708 Argenti
1172 661 1252 700 vivi
1278 662 1350 703 smt
1372 665 1616 708 adinvicem
1645 680 1690 709 ut

150 728 168 753 1
201 712 251 753 ad
280 725 344 765 13}
363 709 524 750 circiter
546 737 557 756 ‚
600 708 641 748 δε
668 708 736 748 ubi
765 709 995 748 Mercurius
1024 709 1064 749 in
1093 711 1325 755 Barometro
1352 719 1604 762 altitudinem
1633 732 1692 763 at‘

147 762 266 819 tingit
285 765 507 818 digitorum
531 763 782 817 Anglicorum
810 776 862 811 30
882 792 892 809 ‚
928 762 1089 816 pondus
1118 764 1348 818 specificum
1374 772 1491 813 Aeris
1511 775 1550 814 ἃ
1577 789 1690 830 aquae

148 819 326 877 pluvialis
348 819 420 860 fint
438 818 488 858 ad
507 818 680 859 invicem
710 827 754 857 ut
783 830 799 855 1
824 817 875 858 ad
898 816 973 867 870
993 818 1155 859 circiter
1177 832 1185 859 :
1226 831 1344 861 erunt
1365 826 1545 876 pondera
1568 831 1691 882 speci,
1731 849 1733 853 ,

149 876 223 918 fica
248 874 345 916 aeris
372 873 413 914 &
443 872 594 926 argenti
623 871 702 912 vivi
731 881 774 913 ut
800 885 815 910 1
838 871 887 911 ad
911 872 1048 922 11890.
1105 873 1284 916 Proinde
1310 880 1605 929 cumaltitudo
1632 898 1692 924 ar-

148 929 261 985 genti
288 927 368 970 vivi
398 927 442 968 fit
478 942 526 976 30
553 926 772 980 digitorum
791 955 802 972 ‚
838 926 1009 967 altitudo
1037 928 1136 968 aeris
1163 930 1375 973 uniformis
1404 934 1515 984 cums
1534 938 1692 989 pondus

146 997 281 1026 aerem
305 982 483 1024 nostrum
511 981 728 1034 subjeetum
756 981 1026 1034 comprimere
1050 981 1175 1034 poffet
1194 1013 1206 1031 ‚
1251 985 1327 1025 erit
1358 992 1518 1037 356700
1543 990 1693 1045 digito..

147 1052 238 1081 rum
256 1067 268 1085 ,
304 1037 370 1077 seu
399 1037 548 1089 pedum
577 1035 831 1089 Anglicorum
866 1048 1008 1087 29725.
1041 1036 1192 1091 Estque
1219 1038 1305 1079 haec
1336 1042 1508 1084 altitudo
1528 1045 1590 1086 illa
1610 1047 1691 1098 ipsa

95 1126 98 1129 Α
145 1105 264 1147 quam
286 1092 328 1131 in
345 1089 640 1131 construetione
660 1089 870 1142 superioris
902 1091 1165 1132 problematis
1197 1095 1489 1139 nominavimus
1509 1100 1558 1140 A.
1599 1101 1692 1142 Cir-

79 1154 81 1156 '
106 1160 110 1164 ·
145 1147 224 1188 culi
244 1145 357 1186 radio
377 1158 507 1197 29725
527 1144 678 1197 pedum
706 1144 894 1198 descripti
920 1143 1246 1187 circumferentia
1273 1149 1326 1189 est
1346 1151 1499 1203 pedum
1523 1153 1690 1204 186768.

143 1201 199 1242 Et
219 1213 314 1242 cum
334 1199 562 1240 Pendulum
582 1198 730 1252 digitos
763 1204 829 1253 39}
857 1200 1023 1253 longum
1044 1229 1055 1247 ,
1092 1200 1379 1244 oscillationem
1408 1219 1460 1247 ex
1486 1208 1545 1248 itu
1567 1209 1608 1248 δε
1628 1223 1692 1250 re-

143 1256 233 1297 ditu
253 1253 513 1306 compositam
532 1283 542 1301 ,
579 1263 764 1307 ternpore
812 1253 1061 1295 minutorum
1099 1251 1275 1298 duorum
1303 1258 1573 1303 secundorum
1593 1293 1605 1310 ,
1632 1264 1692 1304 uti

144 1320 289 1352 notum
311 1308 366 1349 est
387 1337 398 1355 ,
427 1307 600 1348 absolvat
621 1325 631 1354 ;
674 1308 901 1348 Pendulum
920 1309 1044 1361 pedes
1075 1323 1204 1361 29725
1223 1340 1236 1359 ,
1272 1312 1339 1353 seu
1365 1314 1512 1368 digitos
1536 1321 1691 1368 356700

144 1367 310 1419 longum
331 1395 343 1413 ,
383 1361 667 1403 oscillationem
704 1362 951 1402 conlimilem
989 1372 1174 1416 tempore
1205 1366 1456 1410 minutorum
1492 1371 1690 1413 secundo-

144 1433 235 1461 rum
258 1423 350 1469 190}
368 1417 569 1458 absolvere
591 1415 765 1457 debebit.
822 1415 886 1455 Eo
904 1416 1026 1469 igitur
1045 1424 1231 1471 tempore
1250 1420 1366 1460 sonus
1386 1425 1690 1477 progrediendo

145 1474 337 1516 conficiet
357 1471 480 1527 pedes
501 1452 652 1521 186768
677 1500 688 1518 ,
725 1462 910 1524 adeoque
932 1480 1116 1525 tempore
1143 1473 1287 1514 minuti
1306 1475 1421 1515 unius
1440 1477 1604 1519 secundi
1622 1493 1704 1534 pe<

143 1529 215 1570 des
313 1559 320 1567 .

198 1542 407 1623 C3ae7tierum
436 1581 476 1621 in
506 1580 584 1619 hoc
613 1579 941 1632 comptae-*nulla
966 1579 1134 1620 habetur
1162 1582 1265 1621 ratio
1300 1584 1565 1628 craffitudinis
1594 1587 1684 1629 soli-

142 1637 288 1678 darum
316 1634 597 1690 particularum
618 1633 716 1672 aeris
734 1645 806 1686 per
832 1645 951 1685 quam
979 1633 1097 1673 sonus
1128 1635 1269 1687 utique
1294 1649 1538 1692 propagatur
1567 1643 1608 1683 in
1629 1644 1697 1684 in==>

142 1691 269 1732 stanti.
335 1689 443 1730 Cum
472 1687 631 1740 pondus
655 1686 755 1727 aeris
786 1686 831 1726 fit
859 1686 907 1726 ad
935 1686 1094 1740 pondus
1123 1701 1237 1741 aquae
1268 1700 1311 1730 ut
1334 1705 1350 1729 1
1375 1694 1421 1732 ad
1446 1694 1541 1743 870,
1570 1697 1612 1737 &
1633 1697 1688 1738 sa-

141 1746 199 1788 les
227 1746 300 1786 fint
326 1744 411 1785 fere
431 1742 555 1796 duplo
573 1740 775 1781 denfiores
793 1753 913 1794 quam
943 1754 1044 1795 aqua
1066 1740 1144 1787 μῦ
1169 1745 1374 1795 particulae
1404 1749 1504 1789 aeris
1537 1764 1698 1803 ponan«

144 1809 210 1841 tur
239 1800 316 1841 effe
342 1797 518 1850 ejusdem
547 1795 709 1836 circiter
740 1795 940 1835 denfitatis
969 1809 1062 1836 cum
1091 1797 1293 1848 particulis
1319 1800 1382 1840 vel
1411 1815 1524 1857 aquae
1554 1806 1615 1845 vel
1633 1806 1689 1846 sa-

145 1855 266 1901 lium,
297 1854 337 1894 &
359 1852 493 1893 raritas
520 1850 618 1890 aeri's
648 1850 800 1890 oriatur
830 1849 878 1889 ab
911 1850 1127 1890 intervallis
1147 1852 1460 1904 particularum:
1492 1857 1689 1900 diameter

145 1909 350 1962 particulae
377 1904 578 1957 aeriserit
606 1903 657 1944 ad
683 1904 936 1944 intervallum
969 1905 1075 1944 inter
1113 1915 1252 1946 centra.
1285 1909 1566 1961 particularum
1585 1943 1596 1960 ‚
1646 1924 1700 1954 ut·

84 1977 91 1985 s
149 1975 168 2000 1
199 1962 245 2002 ad
275 1976 297 2013 9
328 1961 392 2002 vel
420 1973 467 1998 10
498 1959 658 1999 circiter
678 1987 690 2005 ‚
729 1958 768 1997 δέ
795 1958 845 1998 ad
872 1957 1123 1999 intervallum
1151 1959 1256 2000 inter
1287 1963 1495 2015 particulas
1527 1978 1569 2007 ut
1595 1981 1610 2005 1
1639 1968 1702 2008 ad‘

149 2015 171 2055 8
202 2016 264 2056 vel
293 2030 327 2068 9.
385 2013 561 2054 Proinde
580 2014 630 2054 ad
658 2012 782 2066 pedes
812 2025 886 2064 979
915 2025 1015 2066 quos
1041 2013 1157 2054 sonus
1190 2025 1375 2070 tempore
1403 2019 1547 2061 minuti
1574 2023 1690 2063 unius

146 2070 310 2111 secundi
355 2068 484 2120 juxta>
512 2068 707 2108 calculum
743 2068 989 2118 superiorem
1025 2067 1214 2109 conficiet
1243 2098 1269 2116 2>
1302 2071 1452 2113 addere
1491 2075 1585 2116 licet
1622 2088 1703 2130 pe·=⁴

147 2124 217 2165 des
248 2129 294 2176 ξε
324 2123 392 2164 seu
415 2137 487 2174 109
526 2122 715 2169 circiter,
757 2121 809 2160 ob
835 2120 1135 2162 crailitudinem
1164 2125 1445 2175 particularum
1473 2130 1571 2170 aeris
1595 2144 1603 2170 :
1648 2130 1691 2169 δε

147 2178 199 2219 fic
224 2178 339 2219 sonus
367 2187 550 2230 tempore
581 2176 725 2217 minuti
749 2177 865 2216 unius
889 2175 1054 2219 secundi
1080 2177 1269 2219 conficiet
1299 2180 1422 2234 pedes
1454 2183 1552 2224 1088
1578 2185 1706 2225 circi--

147 2243 219 2275 tel‘.

202 2287 281 2329 His
310 2287 414 2328 adde
441 2285 553 2340 quod
582 2298 749 2339 vapores
775 2284 818 2325 in
844 2297 935 2325 aere
963 2285 1176 2336 latentes,
1196 2301 1291 2329 cum
1318 2289 1392 2330 smt
1422 2292 1582 2333 alterius
1611 2293 1688 2334 ela-

146 2343 240 2384 teris
269 2343 309 2382 &
337 2342 495 2382 alterius
522 2339 637 2386 toni,
686 2340 755 2380 viX
782 2348 849 2378 aut
875 2352 927 2379 ne
963 2339 1031 2393 vix
1068 2342 1235 2395 quidem
1264 2345 1502 2397 participant
1530 2356 1686 2389 motum

146 2398 248 2440 aeris
278 2397 362 2439 veri
399 2409 481 2450 quo
509 2394 594 2437 soni
624 2404 905 2448 propagantur.
962 2391 1041 2435 His
1071 2407 1204 2439 autem
1234 2397 1528 2450 quiescentibus
1549 2428 1561 2449 ‚
1599 2414 1687 2442 mo-

1628 2467 1699 2498 tus
