2079 3033
366 195 439 235 342
679 143 1169 222 PHILOSOPHIAE
1224 147 1631 221 NATURALIS

167 275 215 304 na
236 274 332 304 Moru
370 277 489 319 por-a,
518 263 659 318 quibus
676 261 838 317 aequalia
856 274 1026 317 corpora
1044 274 1115 316 per
1136 262 1298 314 aequalia
1315 261 1434 315 spatia
1450 260 1729 315 impelluntur,
1755 263 1827 306 fint
1846 277 1904 307 re-

166 314 358 349 componun,
374 320 536 373 ciproce
554 318 594 358 in
616 317 886 369 subduplicara
904 317 1058 358 ratione
1078 316 1243 363 virium,
1260 317 1346 358 ,erit
1367 326 1523 370 tenipus
1545 315 1774 358 vibrationis
1791 320 1907 362 unius

375 383 543 427 urgente
563 371 599 412 vi
619 371 682 411 illa
704 371 870 411 Elastica
890 401 898 415 ‚
936 371 985 411 ad
1009 382 1166 423 ternpus
1197 371 1428 411 vibrationis
1447 380 1614 423 urgente
1633 372 1670 411 vi
1692 372 1879 424 ponderis
1893 404 1904 422 ,

374 429 415 469 iu
450 425 719 478 subduplicata
747 425 902 465 ratione
943 425 1032 467 VV
1060 426 1110 465 ad
1149 425 1338 468 PO><A
1356 454 1367 472 ‚
1405 434 1524 479 atque
1550 424 1653 465 adeo
1679 424 1730 465 ad
1755 435 1911 481 tempus

377 480 627 522 oscillationis
657 479 824 520 Penduli
853 479 962 532 cujus
990 480 1203 533 longitudo
1222 480 1278 521 est
1305 481 1345 521 A
1363 509 1373 528 ,
1410 479 1450 519 in
1471 479 1741 532 subduplicata
1759 480 1912 523 ratione

377 536 414 576 V
433 535 467 576 V
499 535 548 575 ad
580 535 765 577 PO><A
782 564 793 582 ,
829 534 870 574 ἃ
898 534 1351 588 subdupiicatamtione
1381 533 1472 574 PO
1499 533 1549 574 ad
1577 536 1615 573 A
1646 533 1910 587 conjunfflm:

378 589 419 629 id
442 588 517 636 est,
546 590 759 630 iuratione
781 589 938 642 integra
969 588 1005 631 V
1037 589 1086 629 ad
1116 590 1167 630 A.
1223 589 1304 629 Sed
1332 598 1514 641 tempore
1542 588 1773 629 vibrationis
1798 589 1913 630 unius

380 657 428 684 ex
448 643 505 684 itu
536 644 577 683 δε
603 645 737 684 reditu
766 643 998 697 compositae
1020 676 1029 691 ,
1069 643 1200 696 pulsus
1226 643 1527 697 progrediendo
1557 642 1721 683 conficit
1742 643 1917 684 latitudi-

377 711 473 738 nem
491 697 598 739 suam
617 699 709 740 BC.
767 697 879 751 Ergo
899 708 1054 751 ternpus
1072 710 1156 751 quo
1173 698 1302 751 pulsus
1323 696 1520 751 percurrit
1538 696 1703 749 spatium
1734 697 1834 744 BC,
1862 698 1918 738 est

376 752 425 793 ad
459 764 615 807 tempus
632 752 884 793 oscillationis
905 753 1018 792 unius
1037 753 1165 793 exitu
1185 752 1226 792 δε
1242 752 1375 792 reditu
1394 751 1646 803 compofitae‚
1675 760 1718 791 ut
1737 750 1776 792 V
1796 751 1846 791 ad
1866 753 1920 800 A,

375 807 417 847 id
443 808 523 855 est,
552 817 596 849 ut
628 807 712 847 BC
734 806 785 846 ad
803 804 1170 847 circumferentiam
1188 806 1326 846 circuli
1345 804 1455 857 cujus
1474 804 1604 844 radius
1624 804 1681 844 est
1709 806 1760 845 A.
1789 805 1921 856 Tem-¹

379 874 452 914 pus
471 872 605 902 autem
626 893 635 906 ‚
674 873 757 914 quo
777 861 905 912 pulsus
932 870 1140 912 percurret
1166 859 1336 911 spatium
1364 859 1475 905 ΒΟ,
1511 857 1568 898 est
1585 859 1635 898 ad
1654 868 1809 912 tempus
1835 871 1919 913 quo

379 925 587 969 percurret
607 914 904 967 longitudinem
920 913 1012 953 huic
1031 913 1369 954 circumferentiae
1388 912 1606 966 aequalem,
1635 912 1675 952 in
1694 913 1836 953 eadem
1858 926 1920 953 ra-

380 970 513 1016 tione;
545 969 722 1022 ideoque
743 977 927 1020 tempore
946 967 1031 1007 talis
1056 967 1307 1008 oscillationis
1326 968 1457 1022 pulsus
1475 976 1684 1019 percurret
1702 966 1921 1021 longitudi-

378 1036 473 1064 nem
492 1024 585 1064 huic
604 1020 941 1064 circumferentiae
961 1022 1165 1075 aequalem.
1195 1021 1249 1077 Q
1273 1021 1323 1062 E.
1353 1021 1415 1063 D.

434 1078 557 1119 Corol.
582 1091 615 1119 1.
643 1076 852 1118 Velocitas
870 1075 1052 1129 pulsuum
1070 1089 1116 1117 ea
1138 1074 1193 1116 est
1212 1088 1332 1130 quam
1351 1078 1567 1131 acquirunt
1587 1074 1775 1123 Gravia‚-
1788 1088 1920 1130 aequa-

378 1133 468 1173 liter
486 1132 709 1173 accelerato
730 1140 845 1171 motu
873 1128 1059 1171 cadendo
1079 1158 1089 1177 ,
1129 1130 1169 1170 δε
1195 1130 1284 1170 casu
1310 1131 1381 1172 suo
1410 1129 1677 1172 describendo
1701 1129 1918 1171 dimidium

377 1186 599 1227 altitudinis
625 1187 678 1226 A.
733 1184 837 1225 Nam
858 1193 1041 1239 tempore
1061 1184 1168 1225 casus
1188 1184 1301 1237 hujus
1318 1215 1330 1233 ,
1368 1199 1462 1225 cum
1487 1183 1700 1227 velocitate
1731 1183 1917 1225 cadendo

378 1240 566 1294 acquisita
584 1270 595 1288 ,
634 1239 764 1293 pulsus
782 1250 989 1293 percurret
1017 1239 1184 1293 spatium
1203 1238 1318 1293 quod
1346 1240 1422 1279 erit
1450 1240 1601 1293 aequale
1622 1237 1700 1277 toti
1719 1238 1920 1291 altitudini
1976 1285 1981 1288 ,

376 1296 441 1341 A,
469 1294 652 1349 adeoque
672 1304 856 1346 tempore
875 1294 1128 1334 oscillationis
1145 1293 1260 1333 unius
1280 1306 1333 1332 ex
1357 1293 1418 1334 itu
1446 1294 1485 1333 ¹&
1505 1293 1640 1333 reditu
1658 1291 1890 1345 Compofitae
1911 1326 1923 1345 ,

378 1360 586 1402 percurret
607 1349 771 1401 spatium
791 1349 941 1401 aequale
970 1347 1308 1389 circumferentiae
1337 1346 1475 1388 circuli
1494 1347 1609 1388 radio
1638 1347 1678 1386 A
1707 1346 1893 1399 descripti
1908 1346 1922 1392 ς’

378 1402 436 1442 est
454 1402 561 1442 enim
580 1412 738 1454 tempus
756 1402 863 1441 casus
883 1402 932 1443 ad
954 1412 1111 1456 tempus
1131 1400 1382 1442 oscillationis
1402 1410 1445 1443 ut
1467 1402 1598 1443 radius
1609 1400 1807 1442 circuliad
1821 1399 1918 1453 ejus-

378 1457 474 1497 dem
494 1455 873 1496 circumferentiam.

435 1510 556 1550 Corol.
578 1525 613 1550 2.
644 1509 764 1551 Unde
785 1523 877 1551 curn
897 1511 1067 1552 altitudo
1085 1511 1147 1551 illa
1168 1511 1208 1551 A
1228 1510 1272 1550 sit
1289 1519 1333 1551 ut
1353 1509 1488 1552 Fluidi
1508 1510 1564 1551 vis
1585 1509 1751 1551 Elastica
1769 1507 1919 1549 direele

351 1585 355 1589 >
381 1563 423 1603 ἅ-
442 1564 609 1605 densitas
629 1564 804 1617 ejusdem
825 1566 1005 1612 inverse;
1039 1565 1230 1605 velocitas
1249 1564 1433 1618 pulsuum
1461 1565 1537 1605 erit
1567 1565 1606 1605 in
1632 1565 1788 1605 ratione
1805 1575 1920 1602 com-

380 1618 504 1670 posita
524 1632 573 1659 ex
591 1618 862 1669 subduplicata
878 1621 1032 1660 ratione
1051 1619 1251 1658 densitatis
1270 1619 1424 1658 inverse
1451 1620 1490 1657 ἃ
1509 1618 1780 1670 subduplicata
1799 1616 1919 1656 ratio-

379 1684 431 1712 ne
449 1674 503 1713 vis
524 1671 702 1712 Elaiiieae
722 1671 886 1715 directe.

631 1793 1049 1837 PROPOSITIO
1080 1795 1130 1836 L.
1162 1793 1550 1837 PROBLEMA
1577 1795 1666 1837 XII.

727 1955 731 1958 ,
795 1897 1006 1947 Invenire
1022 1899 1233 1966 pulsuum
1254 1898 1497 1963 distantias.

434 1993 629 2047 Corporis
647 2023 659 2041 ,
695 1992 804 2046 cujus
832 2003 1007 2033 tremore
1035 1994 1165 2048 pulsus
1196 1995 1423 2036 excitantur
1441 2022 1452 2041 ‚
1487 1993 1710 2034 inveniatur
1728 2006 1917 2036 numerus

383 2048 668 2090 Vibi-ationuru
687 2047 783 2087 dato
809 2059 1004 2100 tempore.
1061 2049 1139 2089 Per
1159 2062 1372 2090 numerum
1391 2049 1502 2089 illum
1529 2048 1730 2089 dividatur
1748 2049 1915 2102 spatium

382 2103 492 2155 quod
513 2101 641 2156 pulsus
660 2102 804 2142 eodem
826 2112 1009 2154 tempore
1027 2116 1261 2156 percurrere
1286 2102 1404 2157 poffit
1428 2131 1440 2151 ‚
1474 2103 1514 2143 &
1540 2115 1627 2156 pars
1653 2103 1816 2144 inventa
1842 2103 1918 2144 erit

381 2156 510 2210 pulsus
528 2156 643 2197 unius
662 2156 844 2197 latitudo.
873 2156 928 2215 Q
957 2157 1005 2198 E.
1034 2158 1070 2199 I.

1031 2238 1063 2279 S
1062 2239 1234 2280 chelium.

443 2317 630 2371 Speesant
657 2304 947 2373 propositiones
976 2320 1197 2362 noviffimae
1227 2320 1275 2362 ad
1305 2329 1462 2361 motum
1491 2321 1616 2362 Lucis
1643 2321 1685 2362 δε
1704 2322 1915 2375 Sosiorum.

390 2373 487 2417 Lux
505 2375 613 2417 enim
631 2387 724 2417 cum
743 2385 987 2430 propagetur
1006 2376 1223 2419 secundum
1249 2375 1370 2418 lineas
1399 2374 1522 2418 rectas
1539 2405 1551 2424 ‚
1587 2376 1629 2418 in
1654 2376 1809 2419 actione
1834 2378 1915 2418 sola

1815 2440 1828 2484 (
1846 2443 1918 2484 per
