2079 3033
458 145 806 192 PRINCIPIA
835 141 1393 187 MATHEMATICA.
1616 159 1690 197 355

142 231 320 273 velocius
339 231 493 273 moveri
513 231 657 271 debeat
677 241 796 283 quam
814 228 854 268 in
873 225 1000 280 spatio
1018 226 1157 267 latiore
1175 227 1281 268 inter
1309 227 1361 268 ‘D
1392 225 1433 268 &
1463 224 1508 267 F
1513 243 1524 273 ;
1555 225 1597 268 id
1618 226 1686 274 est,
1706 221 1878 291 ξεέυζξυζ-

139 286 181 327 in
200 286 376 340 Aphelio
396 286 572 327 velocius
590 297 709 338 quam
738 284 777 323 in
809 281 1020 322 Periheli0.
1045 326 1052 335 ‚
1077 280 1183 336 Quae
1211 281 1296 323 duo
1322 291 1548 336 repugnant
1580 282 1686 324 inter

134 342 185 382 se.
251 341 315 382 Sic
353 342 394 382 in
439 339 635 394 principio
678 337 788 390 Signi
832 336 927 378 Vir-

136 394 267 448 ginis,
311 395 379 437 ubi
414 394 629 448 Aphelium
666 391 810 433 Martis
844 390 925 444 jam

135 449 313 491 versatur
337 479 348 497 ,
412 448 590 490 distantia
646 449 751 488 inter
806 445 924 487 orbes

129 503 275 544 Martis
312 503 353 543 δε
391 503 560 546 Veneris
597 501 654 541 est
690 501 741 542 ad
779 501 924 541 distan-

129 558 225 599 tiam
268 558 492 599 eorundem
536 555 696 596 orbium
729 555 771 596 in
814 555 922 609 prin-

129 612 237 665 cipio
280 611 391 664 Signi
435 610 604 652 Piscium
652 619 698 649 ut
752 608 827 648 tria
870 607 921 648 ad

128 665 212 706 duo
257 665 446 713 circiter,
491 665 533 704 &
578 672 794 717 propterea
838 674 922 701 ma-

124 720 224 760 teria
276 717 457 761 Vorticis
503 719 608 759 inter
652 716 783 759 Orbes
832 715 970 756 illosF

123 773 164 814 in
207 774 407 827 principio
451 773 626 815 Piscium
672 771 797 813 debet
843 769 922 811 effe

125 828 306 869 velocior
344 841 465 882 quam
510 828 553 868 in
590 826 789 881 principio
824 824 921 868 Vir-

124 882 226 933 ginis
271 882 313 923 in
358 883 528 924 ratione
560 883 683 923 trium
728 880 779 921 ad
825 879 921 920 duo.

124 936 230 978 Nam
282 950 365 991 quo
411 936 609 991 angustius
655 935 711 977 est
754 934 924 989 spatium

124 1003 196 1043 per
241 991 352 1046 quod
393 992 536 1033 eadem
574 989 762 1031 Materiae
800 1001 926 1043 quan-
1270 1031 1274 1034 ,

125 1045 214 1086 titas
232 1045 379 1086 eodem
399 1045 663 1086 revolutionis
682 1043 800 1085 unius
821 1054 1011 1096 tempore
1030 1041 1165 1082 transit
1181 1070 1192 1088 ‚
1230 1053 1283 1082 eo
1311 1043 1452 1097 majori
1483 1058 1578 1089 cum
1608 1061 1676 1090 ve-

120 1099 286 1140 locitate
313 1099 476 1140 transire
505 1099 641 1140 debet.
697 1097 822 1151 Igitur
851 1097 879 1138 fi
906 1097 1040 1138 Terra
1066 1096 1107 1137 in
1135 1097 1208 1137 hac
1235 1096 1413 1140 Materia
1434 1103 1588 1143 coelesti
1607 1116 1673 1145 re-

121 1153 243 1195 lative
271 1153 478 1209 quiescens
508 1153 557 1195 ab
586 1167 632 1194 ea
661 1152 918 1200 deferretur,
964 1151 1008 1192 δε
1036 1163 1114 1192 una
1142 1151 1249 1192 circa
1277 1152 1413 1194 Solem
1442 1157 1672 1198 revolvere-

119 1216 207 1255 tur,
234 1208 341 1249 foret
370 1208 484 1262 hujus
512 1208 703 1250 velocitas
731 1207 772 1248 in
801 1206 1003 1262 principio
1032 1205 1205 1247 Piscium
1234 1205 1285 1247 ad
1314 1206 1494 1259 ejusdem
1520 1212 1671 1253 veloci·

121 1269 244 1303 tatem
290 1262 331 1302 in
368 1262 566 1316 principio
602 1261 782 1316 Virginis
819 1262 860 1302 in
901 1262 1057 1303 ratione
1091 1261 1353 1316 sesquialtera.
1411 1262 1534 1306 Unde
1564 1266 1667 1308 Solis

121 1326 255 1359 motus
274 1316 440 1357 diurnus
458 1329 648 1370 apparens
665 1317 705 1357 in
733 1316 932 1371 principio
956 1315 1138 1368 Virginis
1165 1315 1289 1368 major
1321 1315 1418 1357 esset
1445 1331 1566 1373 quam
1593 1321 1669 1361 mi-

118 1380 313 1412 nutorum
351 1370 574 1424 primorum
610 1370 886 1424 septuaginta,
932 1371 974 1410 δε
1008 1370 1050 1410 in
1083 1370 1283 1423 principio
1321 1370 1497 1413 Piscium
1533 1375 1669 1416 minor

120 1437 241 1478 quam
280 1425 529 1466 minutorum
558 1424 819 1479 quadraginta
846 1424 887 1464 &
915 1423 1037 1464 offro:
1076 1437 1170 1464 cum
1208 1434 1344 1464 tamen
1391 1427 1667 1481 (experientia

58 1482 60 1484 ’
117 1478 246 1530 teste)
271 1491 462 1532 apparens
483 1478 553 1520 iste
575 1479 676 1521 Solis
697 1487 830 1519 motus
849 1478 974 1531 major
1000 1477 1045 1518 fit
1067 1480 1108 1518 in
1132 1478 1331 1532 principio
1350 1477 1522 1521 Piscium
1542 1494 1665 1536 quam

118 1532 160 1573 in
190 1532 389 1587 principio
415 1534 592 1587 Virginis
612 1561 624 1580 ,
664 1533 705 1573 δέ
743 1542 957 1587 propterea
994 1531 1127 1573 Terra
1162 1532 1343 1572 velocior
1377 1533 1419 1574 in
1457 1535 1664 1591 Principio

119 1586 302 1641 Virginis
322 1600 443 1642 quam
461 1589 503 1628 in
531 1587 736 1641 Principio
764 1587 949 1627 Piscium.
1006 1587 1145 1639 Itaque
1173 1585 1422 1640 Hypothcfis
1441 1588 1662 1632 Vortieum

116 1653 208 1681 cum
247 1641 527 1682 Phaenomenis
559 1640 851 1682 Astronomicis
882 1640 1049 1680 omnino
1075 1650 1224 1692 pugnat
1244 1668 1256 1687 ,
1301 1640 1342 1680 δε
1378 1654 1463 1684 non
1499 1645 1581 1685 tam
1608 1645 1661 1687 ad

111 1695 369 1748 explicandos
388 1708 509 1750 quam
527 1694 577 1735 ad
594 1693 890 1749 perturbandos
917 1703 1049 1734 motus
1068 1693 1251 1734 coelestes
1279 1695 1485 1740 conducit.
1541 1701 1658 1753 Qo-

109 1749 237 1790 modo
254 1763 353 1790 vero
374 1760 511 1791 motus
530 1749 589 1790 isti
609 1750 650 1790 in
667 1748 798 1804 spatiis
824 1748 957 1790 liberis
983 1748 1129 1803 absque
1155 1747 1393 1791 Vorticibus
1418 1763 1658 1806 peragantur

108 1803 275 1897 imbe‘ffigi
299 1804 430 1858 potest
450 1818 501 1846 ex
521 1803 649 1845 Libro
668 1803 825 1860 primo,
856 1803 898 1845 δε
926 1802 968 1844 in
999 1801 1151 1846 Mundi
1170 1802 1389 1859 Systemate
1410 1807 1565 1861 plenius
1581 1806 1657 1858 dos

111 1869 158 1898 ce
188 1869 282 1899 itur.

1050 679 1205 739 EI)
