2079 3033
418 140 771 185 PRINCIPIA
828 140 1384 187 MATHEMATICA.
1620 158 1680 199 '33

124 226 458 269 evanescentium
484 225 651 274 summas
682 223 723 262 &
752 223 948 272 rationes,
977 226 1200 280 primasque
1223 227 1490 275 nascentium,
1519 228 1560 269 id
1589 230 1645 271 est
1663 261 1674 278 ,
1710 245 1840 275 Lami<

126 283 183 323 *ad
203 281 345 322 limites
363 281 604 321 summ-arum
624 277 664 315 ἃ
694 278 894 318 rationum
922 279 1126 321 deducere
1146 303 1158 329 3
1200 281 1240 321 &
1269 292 1480 336 propterea
1501 283 1672 325 limitum
1692 285 1709 313 Ρ
1725 290 1858 315 MMUS·

122 337 292 377 illorum
313 331 670 374 demonstrationes
693 344 770 386 qua
790 332 904 385 potui
931 332 1125 374 brevitate
1145 337 1401 388 praemittere.
1458 336 1538 377 His
1565 339 1673 380 enim

131 391 242 431 idem
264 389 464 442 praestatur
483 385 595 439 quod
616 398 685 438 per
706 386 945 427 methodum
969 388 1288 437 Indivisibilium3
1322 393 1361 431 &
1385 391 1589 445 principiis
1604 393 1674 433 de-

132 442 352 485 monstratis
366 442 446 493 jam
467 441 589 480 tut-ius
624 451 794 481 utemur.
854 440 1032 481 Proinde
1060 443 1101 482 in
1130 444 1384 496 sequentibus
1405 475 1416 494 ‚
1455 446 1482 486 si
1511 448 1673 500 quando

125 499 368 553 *quantitates
397 505 586 547 tanquam
617 508 667 535 ex
696 495 896 548 particulis
924 496 1146 537 constantes
1173 499 1478 541 consideravero
1498 530 1508 548 ,
1545 503 1607 542 vel
1645 503 1673 543 si

129 566 202 607 pro
223 549 337 591 retiis
357 550 596 601 usur-pavero
625 550 785 590 lineolas
814 563 953 591 curvas
976 569 985 597 ς
1029 552 1152 591 nolim
1181 552 1427 595 indivisibilia
1446 585 1457 601 ‚
1498 556 1561 596 sed
1584 570 1672 598 eva-

121 604 326 648 -nescentia
352 602 557 643 divisibilia
575 632 587 649 ‚
624 615 707 643 non
732 604 900 644 summas
929 605 969 645 δε
997 606 1169 646 rationes
1199 608 1370 658 partium
1392 610 1674 651 determinata-

128 670 217 703 rum
235 688 246 707 ,
284 657 351 698 sed
380 657 638 698 summarum-
660 658 699 696 &
737 659 936 699 rationum
962 659 1108 699 limites
1136 660 1289 713 semper
1318 663 1481 717 intelligi
1515 681 1525 710 ;
1575 665 1673 707 vit-n-

118 727 204 769 que
224 713 360 753 talium
382 711 770 753 demonstrationum
790 712 840 752 ad
870 713 1111 754 methodum
1139 715 1456 767 ptaecedentium
1485 718 1673 761 Lemma-

119 779 211 810 >turn
232 766 390 819 semper·
406 766 595 808 revocari.
618 816 621 818 ‚

179 821 366 875 Objeffio
395 820 479 868 est,
525 821 637 875 quod
674 823 941 876 quantitatum
978 823 1297 865 evanescentium
1329 825 1432 865 nulla
1461 826 1505 866 sit
1533 828 1671 870 ultima

120 876 357 933 proportio;
388 876 536 930 quippe
556 889 668 929 quae,
698 887 911 932 antequam
932 889 1198 925 evanuerunt,
1228 892 1312 919 non
1341 879 1396 919 est
1416 880 1573 928 ultima,
1603 883 1669 924 ubi

125 939 402 977 evanuerunt,
438 930 541 970 nulla
571 930 636 971 est.
695 931 774 972 Sed
803 934 842 972 &
871 933 1017 973 eodem
1046 943 1285 986 argumento
1325 946 1440 988 aeque
1476 937 1671 978 contendi

121 984 250 1040 poss'et
271 986 415 1025 nullam
446 984 523 1024 ess'e
550 986 730 1038 corporis
758 987 807 1027 ad
835 998 991 1028 certum
1020 988 1155 1028 locum
1186 988 1454 1041 pervenientis
1484 991 1670 1031 velocita-

122 1051 205 1081 tem
227 1040 436 1079 ultimam:
466 1039 567 1079 hanc
599 1040 705 1079 enim
728 1072 737 1088 ‚
776 1051 989 1096 antequam
1019 1055 1164 1095 corpus
1193 1042 1353 1094 attingit
1384 1044 1518 1083 locum
1535 1048 1550 1090 ’,
1587 1058 1669 1086 non

107 1093 199 1147 effe
233 1093 434 1140 ultimam,
463 1092 531 1133 ubi
554 1093 713 1146 attingit
731 1123 742 1140 ‚
761 1096 911 1141 nullam
932 1094 1020 1137 effe.
1053 1095 1113 1136 *Et
1131 1096 1331 1149 responfio
1351 1097 1472 1138 facilis
1492 1098 1566 1139 est:
1591 1100 1667 1141 Per

100 1145 376 1190 'velocitatem
401 1148 580 1187 ultimam
610 1148 778 1201 intelligi
805 1163 894 1190 eam
911 1180 924 1198 ,,
963 1163 1040 1203 qua
1068 1163 1212 1206 corpus
1235 1162 1422 1192 movetur
1439 1165 1572 1207 neque
1598 1167 1666 1195 an-

97 1205 283 1257 'tequam
303 1202 462 1255 attingit
480 1203 614 1242 locum
632 1203 820 1244 ultimum
843 1204 883 1245 δε
902 1214 1035 1245 motus
1053 1206 1171 1246 cessat
1195 1232 1205 1251 ,
1233 1217 1366 1259 neque
1395 1207 1527 1260 postea
1552 1237 1563 1255 ,
1596 1209 1667 1250 sed

120 1269 216 1299 tunc
245 1270 339 1298 cum
365 1256 556 1310 attin‘git3
588 1257 629 1296 id
657 1258 713 1298 est
731 1288 742 1305 ,
770 1258 875 1299 illam
900 1259 1022 1313 ipsam
1052 1261 1306 1301 velocitatem
1357 1274 1500 1302 uacum
1519 1276 1666 1317 corpus

118 1313 278 1366 attingit
297 1312 431 1352 locum
455 1311 640 1351 ultimum
662 1312 704 1352 δε
723 1326 896 1366 quacum
916 1324 1050 1368 motus
1069 1313 1198 1355 cessat.
1255 1315 1307 1354 Et
1344 1315 1505 1356 imiliter
1524 1329 1595 1369 per
1607 1319 1666 1359 ul-

116 1366 255 1407 timam
274 1366 469 1415 rationem
489 1366 755 1420 quantitatum
785 1368 1104 1410 evanescentium
1124 1399 1135 1416 ,
1171 1369 1472 1421 intelligendam
1500 1370 1576 1411 effe
1603 1385 1665 1412 ra-

116 1422 271 1463 tionem
298 1421 565 1475 quantitatum
594 1434 677 1462 non
714 1432 928 1477 antequam
963 1425 1203 1464 evanescunt
1222 1453 1233 1471 ‚
1279 1437 1360 1463 non
1392 1424 1554 1476 possea,
1594 1426 1663 1468 sed

85 1497 88 1500 ·
115 1489 291 1529 quacum
319 1475 568 1514 evanescunt.
609 1475 779 1522 Pariter
818 1478 859 1516 δέ
898 1477 1000 1515 ratio
1038 1479 1164 1528 prima
1198 1477 1444 1524 nascentium
1476 1479 1531 1517 est
1558 1481 1661 1521 ratio

108 1542 286 1583 quacum
317 1528 567 1580 nascuntur.⁴
600 1527 652 1567 Et
688 1529 839 1579 summa
877 1529 1001 1579 prima
1042 1529 1083 1568 ἅτ
1119 1530 1256 1569 ultima
1295 1530 1350 1568 est
1379 1543 1553 1583 quacum
1582 1533 1660 1575 effe

110 1586 131 1634 v(
143 1583 203 1622 vel
232 1580 368 1633 augeri
398 1582 437 1619 ἃ
464 1582 619 1629 minui)
647 1581 843 1631 incipiunt
872 1581 913 1618 δε
934 1581 1092 1620 cessant.
1152 1582 1274 1622 Extat
1303 1584 1413 1621 limes
1435 1598 1558 1636 quem
1591 1600 1661 1627 ve-

111 1636 251 1676 locitas
271 1636 311 1673 in
331 1634 410 1672 fine
431 1642 563 1672 motus
583 1634 779 1684 attingere
800 1633 928 1684 potest
951 1666 958 1678 ,
998 1646 1080 1673 non
1110 1645 1243 1675 autem
1265 1636 1496 1688 transgredi.
1551 1638 1659 1682 Haec

105 1689 167 1731 ,est
182 1686 373 1729 'velocitas
397 1686 545 1739 ultima.
604 1685 656 1726 Et
677 1699 744 1738 par
760 1687 819 1727 est
838 1687 939 1735 ratio
960 1687 1093 1728 limitis
1122 1689 1391 1742 quantitatum
1417 1690 1457 1730 ὃς
1489 1704 1658 1746 propor-

109 1745 267 1791 tionum
291 1742 485 1794 ,omnium
523 1741 803 1793 incipientium
845 1741 883 1781 δε
921 1741 1165 1783 cessantium.
1223 1744 1414 1798 Cumque
1451 1745 1515 1785 hic
1545 1748 1658 1790 limes

108 1798 155 1840 fit
173 1797 305 1838 certus
325 1797 367 1837 δε
385 1795 576 1837 *definitus
591 1826 601 1843 ‚
629 1795 841 1835 problema
860 1795 914 1835 est
934 1810 1028 1837 vere
1049 1797 1360 1842 Geometricum
1381 1800 1553 1840 eundem
1584 1803 1656 1844 de-

94 1853 335 1894 terminare.
391 1849 657 1891 'Geometriea
688 1863 786 1889 vero
814 1851 948 1891 omnia
976 1854 1016 1891 in
1044 1852 1124 1892 aliis
1164 1853 1436 1894 Geometricis
1465 1854 1656 1899 determi-

71 1911 76 1915 '
107 1907 247 1949 nandis
265 1914 310 1946 a'c
330 1904 645 1946 demonstrandi<
666 1904 846 1957 legi-time
866 1905 1113 1959 usurpantur.

160 1960 370 2002 Come—ndi
394 1960 516 2001 etiam
546 1959 676 2014 potest
696 1989 706 2006 ‚
735 1959 847 2013 quod
878 1959 905 1999 fi
924 1960 1071 2001 dentur
1094 1962 1245 2003 ultimae
1267 1964 1545 2018 quantitatum*
1564 1980 1655 2008 eva-

107 2015 356 2058 nescentium
376 2014 567 2061 radones,
597 2014 798 2054 dabuntur
818 2014 856 2052 δι’
877 2015 1028 2055 ultimae
1048 2017 1343 2069 magnitudines
1364 2032 1372 2057 :
1405 2019 1443 2057 δε
1468 2020 1516 2060 sic
1529 2034 1653 2074 quan-

108 2072 197 2111 titas
214 2069 347 2110 omnis
375 2068 566 2109 constabit
593 2082 644 2110 ex
671 2068 972 2110 snclivisibilibus
1001 2100 1013 2118 ‚
1068 2083 1209 2112 contra
1238 2086 1356 2126 quam
1387 2073 1572 2114 Euclides
1600 2076 1653 2117 de

104 2123 590 2170 Incommensurabilibus,
619 2124 661 2164 in
680 2123 782 2164 libro
804 2123 964 2165 decimo
996 2124 1324 2173 Elementorum,
1354 2127 1650 2171 demonstravit.

104 2179 262 2220 Verum
298 2178 385 2218 haec
421 2177 606 2230 Objeffio
643 2178 746 2218 falsae
781 2177 963 2219 innititur
998 2179 1217 2234 hypothesi.
1279 2182 1447 2222 Ultimae
1477 2184 1651 2225 rationes

105 2233 182 2275 illae
208 2232 442 2285 quibuscum
482 2233 721 2286 quantitates
760 2233 996 2274 evanescunt
1024 2264 1035 2281 ,
1080 2249 1217 2276 revera
1244 2248 1325 2275 non
1353 2237 1440 2277 sunt
1478 2238 1650 2279 rationes

103 2287 372 2342 quantit-atum
396 2286 620 2326 ultimarum
639 2316 650 2334 ‚
685 2287 753 2326 sed
783 2288 924 2327 limites
953 2288 1002 2329 ad
1029 2302 1129 2342 quos
1158 2291 1422 2344 quantitatum
1443 2291 1523 2332 fine
1551 2292 1651 2333 limi-

106 2353 147 2383 te
181 2340 499 2381 decrescentium
526 2341 699 2381 rationes
728 2340 884 2395 semper
910 2344 1230 2398 appropinquant
1252 2363 1262 2391 ;
1302 2345 1343 2385 δε
1373 2359 1467 2399 quas
1487 2346 1649 2399 propius

103 2395 253 2449 assequi
281 2393 440 2448 possunt
469 2408 588 2448 quam
619 2408 694 2449 pro
725 2396 813 2438 data
842 2398 984 2491 φηνίἑ
1009 2398 1236 2441 differentia
1256 2427 1267 2449 ‚
1307 2413 1510 2454 nunquam
1551 2414 1648 2495 verp

1529 2465 1612 2495 tran
1633 2480 1649 2487 -
