2079 3033
379 152 460 192 374
691 137 1177 187 Pfflnossonfflffi
1234 137 1639 208 NATURA-Lis

188 243 234 271 m
257 222 668 319 M0N01p1·o{resdiente
693 251 702 265 ,
757 228 943 262 centrum
990 220 1140 265 Mundi
1185 233 1348 276 qUOque
1386 219 1615 262 movebitur
1649 230 1788 262 contra
1824 222 1916 278 Hy‘

189 281 459 332 tjrstfinAn-npot
493 291 512 317 Ε
533 290 582 317 ln„

599 395 1020 438 PROPOSITIO
1047 397 1136 438 ΧΠ.
1192 394 1598 441 THEOREMA
1627 394 1715 437 XII.

390 491 534 542 Selem
557 506 674 540 motu
688 505 906 560 perpetuo
941 492 1142 558 agitari,
1164 493 1498 558 sedenunquam
1521 491 1642 557 longe
1672 492 1876 544 recedere
1894 513 1924 544 a

548 562 766 611 communi
780 562 1024 628 gravitatis
1046 576 1192 611 centro
1216 562 1513 610 Planetarum
1537 559 1746 611 omnium.

447 702 551 743 Nam
593 716 687 744 cum
724 706 818 758 <per
854 705 994 745 Corol.
1032 718 1069 745 2.
1105 704 1226 757 Prop.
1264 706 1380 756 vm.)
1417 705 1580 745 materia
1612 704 1653 745 in
1687 704 1779 745 Solve
1810 704 1854 745 fit
1880 705 1931 746 ad

396 757 602 798 materiam
639 758 681 797 in
708 757 811 809 jove
846 768 890 798 ut
924 773 970 798 10
978 772 1021 806 33
1061 758 1111 798 ad
1145 774 1161 798 1
1184 788 1197 806 ,
1235 759 1275 798 &
1303 758 1483 799 distantia
1505 758 1616 811 Jovis
1642 772 1664 798 a
1694 759 1785 800 Sole
1811 758 1856 799 fit
1882 759 1933 799 ad

394 811 734 852 semidiametrum
768 811 868 852 Solis
900 812 942 852 in
977 812 1134 853 ratione
1171 813 1289 866 paulo
1316 812 1497 864 majore3
1536 811 1688 852 incidet
1715 825 1932 853 commune

396 875 580 906 centrum
618 865 820 918 gravitatis
851 866 962 918 jovis
999 866 1040 906 &
1077 865 1176 905 Solis
1211 867 1252 907 in
1291 866 1482 918 puncium
1517 866 1636 919 paulo
1663 866 1776 919 supra
1801 866 1934 919 super-

388 919 530 959 ficiem
565 919 676 959 Solis.
732 918 894 959 Eodem
930 928 1168 971 argumento
1196 932 1289 960 cum
1326 920 1489 959 materia
1516 921 1558 960 in
1585 919 1678 960 Sole
1706 921 1749 960 fit
1775 919 1824 959 ad
1853 933 1936 960 ma-

399 973 535 1013 teriam
563 974 603 1013 in
631 973 801 1012 Saturno
828 982 871 1012 ut
903 987 1000 1024 2411
1030 973 1080 1013 ad
1112 985 1129 1011 1
1147 1002 1158 1019 ,
1191 973 1232 1014 &
1259 973 1439 1014 distantia
1469 973 1626 1014 Saturni
1654 987 1674 1013 a
1706 973 1797 1015 Sole
1822 973 1867 1014 fit
1885 974 1934 1015 ad

398 1027 735 1067 semidiametrum
771 1026 872 1067 Solis
907 1027 948 1066 in
973 1027 1128 1067 ratione
1158 1028 1276 1079 paulo
1300 1029 1488 1073 minore;
1530 1026 1682 1067 incidet
1712 1040 1930 1068 commune

400 1091 584 1126 centrum
619 1080 822 1132 gravitatis
857 1079 1014 1121 Saturni
1044 1082 1085 1120 ὅτ
1115 1080 1216 1122 Solis
1241 1084 1282 1121 in
1311 1081 1501 1135 punctum
1528 1081 1645 1134 paulo
1673 1080 1774 1121 infra
1802 1082 1934 1134 super-

401 1134 534 1176 ficiem
573 1133 684 1175 Solis.
740 1133 795 1174 Et
831 1133 1006 1187 ejusdem
1045 1135 1184 1175 calculi
1217 1135 1391 1188 vestigiis
1427 1133 1639 1175 infistendo
1676 1135 1703 1175 fi
1732 1135 1863 1175 Terra
1891 1135 1934 1176 δε

401 1188 574 1228 Planetae
599 1200 738 1228 omnes
766 1201 818 1229 ex
842 1201 918 1228 una
949 1188 1052 1229 Solis
1080 1199 1191 1242 parte
1211 1189 1487 1235 consisterent,
1516 1201 1733 1231 commune
1754 1188 1936 1229 omniurn

400 1250 588 1283 ,centrum
610 1242 809 1295 gravitatis
828 1242 894 1282 vix
913 1244 1067 1295 integra
1095 1243 1195 1282 Solis
1221 1243 1418 1283 diametro
1445 1252 1626 1282 acentro
1644 1242 1743 1282 Solis
1763 1242 1935 1282 distaret.

403 1295 502 1335 Aliis
538 1296 579 1335 in
617 1295 763 1336 casibus
800 1296 979 1337 distantia
1008 1307 1240 1337 centrorum
1267 1298 1421 1349 semper
1448 1297 1580 1336 minor
1610 1295 1676 1335 est.
1737 1295 1788 1335 Et
1816 1308 1936 1348 prop-

403 1359 511 1388 terea
540 1362 633 1390 cum
662 1359 847 1390 centrum
874 1349 972 1390 illud
1001 1350 1203 1403 gravitatis
1231 1361 1427 1404 perpetuo
1457 1349 1645 1403 quiescit,
1676 1348 1743 1390 Sol
1772 1362 1846 1403 pro
1873 1363 1936 1389 va-

402 1403 464 1444 rio
487 1403 743 1445 ,planetarum
771 1403 843 1444 fitu
869 1403 910 1444 in
937 1416 1076 1445 omnes
1101 1411 1230 1458 partes
1258 1404 1485 1448 movebitur
1504 1433 1516 1453 ,
1553 1403 1620 1445 sed
1649 1404 1671 1444 ἐι
1697 1397 1837 1444 centro
1868 1403 1936 1444 illo

404 1469 606 1510 nunquam
628 1458 747 1511 longe
770 1457 948 1499 recedet.

463 1581 586 1622 Com.
614 1581 728 1625 Hinc
766 1595 982 1624 commune
1011 1583 1211 1636 gravitatis
1234 1591 1420 1622 centrum
1447 1580 1590 1619 Terrae
1611 1609 1623 1627 ‚
1657 1580 1758 1621 Solis
1786 1582 1827 1622 Sc
1856 1583 1938 1622 Pla-

409 1647 589 1676 netarum
631 1636 810 1675 omnium
845 1649 919 1688 pro
954 1647 1096 1676 centro
1137 1635 1287 1675 Mundi
1323 1633 1547 1673 habendum
1583 1633 1649 1672 est.
1705 1635 1809 1675 Nam
1844 1648 1937 1676 cum

410 1689 539 1729 Terra
559 1717 570 1734 ,
610 1688 676 1728 Sol
704 1688 747 1729 ⁷&
778 1688 952 1728 Planetae
982 1700 1120 1727 omnes
1149 1687 1346 1739 gravitent
1376 1687 1416 1725 in
1443 1686 1483 1725 se
1511 1695 1681 1732 mutuo,
1707 1687 1748 1726 δε
1777 1699 1939 1742 propte..

410 1755 476 1782 rea
494 1771 505 1789 ,
539 1754 613 1795 pro
650 1741 687 1780 vi
727 1742 928 1793 gravitatis
957 1742 1033 1781 suae
1051 1770 1062 1788 ‚
1088 1739 1307 1781 secundum
1337 1739 1443 1791 leges
1471 1749 1604 1778 motus
1633 1751 1827 1792 perpetuo
1856 1743 1938 1795 agi-

409 1805 572 1835 tentur:
615 1794 864 1847 perspicuum
903 1795 957 1835 est
995 1794 1105 1848 quod
1143 1795 1287 1834 horum
1322 1803 1459 1833 centra
1497 1792 1655 1832 mobilia
1685 1806 1759 1846 pro
1789 1794 1939 1836 Mundi

411 1858 552 1889 centro
595 1848 825 1902 quiescente
868 1848 1004 1888 haberi
1048 1857 1264 1901 nequeunt.
1318 1846 1362 1887 *Si
1407 1857 1551 1898 corpus
1586 1845 1683 1886 illud
1719 1848 1761 1887 in
1798 1859 1939 1889 centro

410 1902 625 1943 locandum
665 1901 761 1942 effer
800 1902 840 1941 in
880 1902 991 1955 quod
1027 1914 1198 1954 >corpora
1235 1900 1369 1940 omnia
1407 1899 1583 1947 maxime,
1623 1901 1818 1952 gravitant
1862 1903 1941 1947 (uti

411 1956 517 2008 vulgi
572 1955 627 1997 est
666 1955 840 2008 opinio)
894 1955 1145 2009 privilegium
1199 1953 1300 1995 istud
1349 1952 1659 1994 concedendum
1703 1954 1800 1995 ess'et
1847 1954 1939 1997 Soli.

411 2009 517 2050 Cum
555 2019 689 2050 autem
725 2008 793 2049 Sol
833 2019 1070 2055 moveatur,
1110 2008 1340 2061 eligendum
1376 2007 1451 2046 erit
1488 2006 1679 2060 punctum
1711 2008 1941 2063 quiescens,

411 2075 433 2102 a
468 2076 550 2116 quo
589 2072 774 2106 centrum
804 2062 906 2104 Solis
934 2076 1054 2115 quam
1084 2063 1249 2103 minime
1277 2060 1442 2102 discedit
1466 2078 1476 2107 3
1507 2060 1549 2100 &
1577 2074 1597 2101 a
1626 2074 1709 2116 quo
1734 2063 1939 2103 idemad-

412 2116 493 2175 huc
532 2117 659 2157 minus
697 2116 950 2165 discederet,
984 2117 1011 2158 fi
1046 2117 1175 2159 modo
1213 2115 1281 2158 Sol
1316 2113 1472 2157 denfior
1510 2113 1605 2156 effet
1638 2108 1686 2156 ’δε
1715 2116 1871 2169 major,
1899 2126 1941 2157 ut

410 2180 544 2214 zmtnus
573 2179 814 2212 moveretur,

1733 2340 1748 2349 ²
1796 2322 1948 2393 mot
