2079 3033
388 179 466 225 276
704 168 1190 213 PHILOSOPHIAE
1245 166 1649 218 NATURALIS

189 260 242 293 DE
277 262 372 291 Mow
389 255 527 296 stentia
555 256 593 296 in
618 268 710 294 arcu
735 253 771 293 Β
801 251 894 293 esset
920 251 968 292 ad
996 250 1250 291 resistentiam
1281 251 1321 291 in
1349 263 1442 290 arcu
1471 251 1510 290 A
1540 259 1584 290 ut
1612 251 1693 291 AB
1722 254 1770 294 ad
1800 256 1915 305 AAg

190 302 377 335 conponor«,
392 321 573 364 tempora
599 309 638 348 in
667 305 835 346 arcubus
862 307 901 346 A
927 306 966 345 δι
994 304 1027 345 Β
1055 304 1187 345 forent
1207 306 1392 358 aequalia,
1423 317 1492 356 per
1511 303 1827 356 Propofitionem
1856 313 1918 353 su„

389 364 600 418 perierem.
656 361 837 413 Ideoque
865 358 1080 400 resistentia
1111 359 1202 399 ΑΛ
1228 358 1269 398 in
1288 372 1382 399 arcu
1410 360 1472 402 A,
1501 358 1565 397 vel
1585 356 1668 398 AB
1688 359 1728 398 in
1749 375 1838 403 arcu
1861 365 1918 413 B,

388 417 515 459 efficit
544 414 743 455 excessum
775 413 968 466 temporis
998 413 1039 453 in
1067 425 1159 452 arcu
1190 413 1231 452 A
1265 412 1305 452 su
1336 426 1376 452 ra
1411 424 1566 464 tempus
1595 411 1635 452 in
1666 411 1810 454 Medio
1836 430 1919 460 non

388 471 612 513 resistente:
645 470 685 509 &
715 467 926 509 refistentia
953 465 1031 507 BB
1058 465 1184 506 efficit
1203 425 1401 506 excessum
1421 466 1612 518 temporis
1632 466 1673 505 in
1691 480 1784 507 arcu
1806 467 1838 507 Β
1859 472 1919 511 su-

386 538 454 578 pra
487 534 642 575 tempus
668 523 709 562 in
737 521 884 562 Medio
911 534 994 562 non
1023 519 1233 560 resistente.
1290 520 1390 561 Sunt
1420 531 1554 559 autem
1584 520 1761 559 excessus
1791 521 1844 561 illi
1875 534 1920 565 ut

387 579 491 673 {ires
511 576 734 670 effigentes
756 575 838 617 AB
865 574 904 615 δε
935 574 1013 616 ΒΒ
1044 587 1163 629 quam
1189 575 1395 628 proxime,
1423 573 1464 613 id
1491 573 1567 620 est,
1597 583 1641 613 ut
1668 588 1780 615 arcus
1809 578 1850 617 A
1880 578 1923 618 &

445 631 561 726 Οοξέόί
586 700 616 725 1.
648 684 761 725 Hinc
784 698 835 725 ex
853 683 1143 724 oscillationum
1164 681 1430 736 temporibus,
1456 682 1499 722 in
1526 681 1923 733 Medio‘refistente,
1957 723 1961 725 s

388 740 429 780 in
457 739 625 780 arcubus
652 738 906 792 inaequaiibus
937 737 1126 777 saetarum
1147 765 1159 783 ‚
1195 737 1382 789 cognosci
1411 735 1569 788 possunt
1600 745 1781 789 tempora
1810 739 1923 779 oscil-

385 794 580 833 lationum
618 794 659 833 in
696 792 872 844 ejusdem
911 791 1111 843 gravitatis
1148 789 1342 842 specificae
1390 788 1538 829 Medio
1581 802 1664 830 non
1708 790 1922 833 resistente.

384 847 489 888 Nam
518 846 742 887 differentia
771 856 1001 898 temporum
1029 845 1105 884 erit
1134 845 1183 883 ad
1213 842 1414 883 excessum
1443 844 1635 894 temporis
1663 843 1703 881 in
1734 857 1827 884 arcu
1848 847 1923 887 mi-

388 914 489 942 nore
515 901 629 954 supra
658 911 814 952 tempus
842 900 881 939 in
910 897 1057 938 Medio
1084 909 1167 937 non
1187 896 1413 942 refistente,
1441 905 1485 938 ut
1505 894 1730 936 differentia
1758 910 1924 941 arcuum

387 955 436 995 ad
459 968 596 995 arcum
616 955 828 994 minorem.

445 1010 568 1048 Corol.
599 1022 635 1047 2.
665 1006 941 1047 Oscilxationes
969 1004 1175 1045 breviores
1204 1003 1293 1044 sunt
1320 1003 1443 1056 magis
1471 1002 1725 1051 Isochronae‚
1765 1006 1806 1046 &
1836 1006 1927 1048 bre-

389 1062 553 1103 viffimae
590 1061 730 1101 iisdem
768 1058 1016 1113 temporibus
1043 1068 1289 1111 peraguntur
1311 1071 1361 1101 ,ac
1390 1059 1430 1098 in
1463 1057 1608 1098 Medio
1638 1072 1720 1098 non
1749 1060 1927 1103 resisten-

393 1126 454 1163 te,
482 1128 603 1169 quam
631 1114 828 1168 proxime.
886 1110 1036 1153 Earum
1064 1124 1161 1162 ver-o
1186 1124 1276 1164 quae
1303 1111 1344 1151 in
1374 1111 1586 1164 majoribus
1611 1114 1777 1153 arcubus
1804 1115 1927 1162 fiunt,

390 1180 574 1223 tempora
600 1169 688 1208 sunt
719 1168 837 1221 paulo
861 1165 1031 1218 majora,
1066 1175 1280 1217 propterea
1305 1165 1417 1218 quod
1445 1164 1657 1205 resistentia
1691 1166 1731 1206 in
1762 1167 1927 1209 descen-

391 1225 434 1264 su
463 1223 642 1276 corporis
668 1235 745 1275 qua
770 1231 925 1272 tempus
943 1219 1203 1273 producitur,
1232 1218 1358 1272 major
1387 1218 1433 1258 fit
1465 1232 1539 1271 pro
1568 1219 1722 1260 ratione
1752 1221 1948 1275 longitua
1978 1268 1983 1270 ,

392 1277 495 1318 dinis
514 1277 553 1317 in
574 1276 761 1316 descensu
791 1275 999 1325 descriptae
1017 1303 1027 1320 ,
1056 1285 1174 1326 quarn
1203 1272 1410 1312 refissentia
1438 1272 1479 1311 in
1505 1272 1662 1312 ascensu
1691 1274 1930 1329 subsequen-

394 1341 435 1371 te
462 1344 539 1386 qua
567 1340 722 1383 tempus
747 1328 1007 1369 contrabitur.
1066 1325 1146 1366 Sed
1180 1325 1219 1363 &
1248 1334 1405 1377 tempus
1424 1325 1712 1366 oscillationum
1732 1337 1811 1368 tam
1841 1329 1932 1370 bre-

393 1385 502 1426 vium
532 1397 651 1438 quam
681 1385 886 1435 longarum
914 1379 1092 1419 nonnihil
1120 1378 1292 1431 produci
1317 1378 1478 1418 videtur
1507 1391 1576 1430 per
1599 1389 1756 1422 motum
1785 1382 1931 1424 Medii.

391 1439 496 1479 Nam
520 1436 755 1488 corporibus
784 1433 1094 1474 [ardescentibus
1122 1433 1240 1485 paulo
1268 1433 1396 1472 minus
1423 1431 1630 1480 resistitur,
1669 1447 1742 1485 pro
1776 1436 1930 1478 ratione

391 1490 639 1537 velocitatis,
669 1489 709 1528 &
731 1487 966 1540 corporibus
983 1486 1208 1527 acceleratis
1229 1487 1346 1540 paulo
1366 1487 1489 1539 magis
1509 1500 1631 1540 quam
1656 1488 1704 1529 iis
1725 1502 1815 1542 quae
1843 1492 1931 1531 uni·-

393 1545 580 1587 formiter
599 1543 932 1596 progrediuntur:
962 1541 1003 1581 id
1024 1541 1127 1581 adeo
1146 1541 1239 1594 quia
1269 1541 1479 1586 Medium,
1510 1554 1560 1581 eo
1587 1554 1707 1594 quem
1738 1557 1758 1582 a
1787 1557 1934 1597 corpo-

391 1601 500 1641 ribus
525 1597 681 1649 accepit
711 1607 826 1636 motu
844 1624 855 1641 ,
884 1596 923 1633 in
950 1595 1118 1634 eandem
1149 1596 1302 1645 plagam
1332 1594 1541 1646 pergendo
1561 1623 1572 1641 ‚
1609 1595 1649 1634 in
1679 1597 1811 1647 priore
1842 1599 1932 1638 casu

393 1654 516 1706 magis
542 1651 735 1703 agitatum
775 1649 816 1687 in
842 1646 1061 1698 posteriore
1089 1646 1216 1684 minus
1239 1662 1249 1688 ;
1290 1659 1334 1683 ac
1362 1646 1532 1696 proinde
1564 1648 1687 1698 magis
1712 1650 1772 1688 vel
1800 1650 1932 1691 minus

395 1720 489 1747 cum
507 1702 741 1756 corporibus
759 1701 879 1740 motis
898 1699 1108 1750 conspirat.
1167 1697 1354 1736 pendulis
1372 1698 1494 1749 igitur
1522 1698 1563 1736 in
1594 1699 1781 1740 descensu
1810 1705 1933 1757 magis

402 1759 564 1803 resistit,
590 1757 632 1795 in
658 1754 817 1794 ascensu
845 1752 974 1792 minus
1001 1764 1119 1804 quam
1144 1763 1217 1804 pro
1247 1750 1399 1791 ratione
1425 1750 1671 1799 velocitatis,
1702 1753 1740 1794 δε
1760 1768 1811 1797 ex
1829 1767 1935 1798 utra-

401 1826 480 1868 que
498 1809 610 1851 causa
628 1820 785 1862 tempus
804 1805 1053 1860 producitur,

538 1899 959 1946 PROPOSITIO
987 1900 1181 1943 XXVIII.
1207 1898 1616 1942 THEOREMA
1644 1902 1791 1945 XXIII.

400 1987 450 2037 Si
475 1985 655 2053 Corpori
677 1982 985 2051 Funependulo
1009 1983 1056 2031 in
1081 1982 1277 2048 Cycloide
1302 1979 1515 2040 oscillanti
1539 1982 1749 2050 refistitur
1771 1986 1819 2034 in
1842 2006 1922 2036 να-

476 2056 592 2103 tione
627 2065 941 2101 momentorum
974 2053 1208 2118 temporis,
1247 2050 1334 2098 erit
1369 2051 1459 2111 ejus
1493 2051 1734 2115 refistentia
1757 2055 1824 2102 ad
1839 2057 1934 2104 vim
2002 2097 2007 2099 r

467 2122 711 2189 gravitatis
735 2135 782 2169 ut
804 2120 992 2183 excessus
1029 2138 1157 2167 arcus
1192 2119 1393 2178 descensu
1429 2131 1512 2166 toto
1550 2119 1761 2186 descripti
1785 2127 1933 2190 supra

474 2209 628 2238 arcum
651 2191 827 2249 ascensu
839 2187 1132 2254 fitbsequente
1154 2187 1420 2254 descriptum
1434 2226 1448 2249 ,
1486 2187 1555 2236 ad
1573 2189 1761 2256 penduli
1795 2193 1935 2259 longi-

474 2259 672 2306 tudinem
694 2257 984 2326 duplicatam.

461 2366 653 2419 Defignet
673 2365 908 2405 BCarcum
927 2364 1116 2406 descensu
1137 2363 1402 2416 descriptum,
1433 2363 1497 2404 Ca
1523 2377 1660 2405 arcum
1680 2366 1835 2410 ascensu
1864 2371 1934 2411 de-

408 2420 618 2473 scriptum,
648 2419 687 2461 &
707 2419 782 2460 Aa
810 2419 1078 2464 differentiam
1108 2431 1295 2462 arcuum:
1327 2418 1366 2458 &
1398 2417 1587 2461 stantibus
1609 2432 1699 2473 quae
1716 2421 1758 2463 in
1779 2423 1938 2477 Propo-

1805 2477 1946 2522 sitione
