<?xml version="1.0" encoding="UTF-8"?>
<!DOCTYPE html PUBLIC "-//W3C//DTD XHTML 1.0 Transitional//EN"
    "http://www.w3.org/TR/xhtml1/DTD/xhtml1-transitional.dtd">
<html xmlns="http://www.w3.org/1999/xhtml" xml:lang="en" lang="en">
 <head>
  <title>
</title>
<meta http-equiv="Content-Type" content="text/html;charset=utf-8" />
  <meta name='ocr-system' content='tesseract 3.04.00' />
  <meta name='ocr-capabilities' content='ocr_page ocr_carea ocr_par ocr_line ocrx_word'/>
</head>
<body>
  <div class='ocr_page' id='page_1' title='image "./philosophiaenatu00newt_0508.png"; bbox 0 0 2079 3033; ppageno 0'>
   <div class='ocr_carea' id='block_1_1' title="bbox 427 144 1634 217">
    <p class='ocr_par' dir='ltr' id='par_1_1' title="bbox 427 144 1634 217">
     <span class='ocr_line' id='line_1_1' title="bbox 427 144 1634 217; baseline 0.002 -13"><span class='ocrx_word' id='word_1_1' title='bbox 427 167 508 217; x_wconf 62' lang='lat'><strong>464</strong></span> <span class='ocrx_word' id='word_1_2' title='bbox 609 163 615 167; x_wconf 58' lang='grc'><em>“</em></span> <span class='ocrx_word' id='word_1_3' title='bbox 696 160 1187 207; x_wconf 67' lang='lat' dir='ltr'><strong>PHILosoPfflAE</strong></span> <span class='ocrx_word' id='word_1_4' title='bbox 1223 144 1634 207; x_wconf 78' lang='lat' dir='ltr'><strong>NATURALis</strong></span> 
     </span>
    </p>
   </div>
   <div class='ocr_carea' id='block_1_2' title="bbox 230 247 2022 2465">
    <p class='ocr_par' dir='ltr' id='par_1_2' title="bbox 230 247 2022 2465">
     <span class='ocr_line' id='line_1_2' title="bbox 231 247 1974 305; baseline 0.002 -16"><span class='ocrx_word' id='word_1_5' title='bbox 231 258 278 289; x_wconf 60' lang='lat' dir='ltr'><strong>Da</strong></span> <span class='ocrx_word' id='word_1_6' title='bbox 297 259 412 292; x_wconf 68' lang='lat' dir='ltr'><strong>Mum</strong></span> <span class='ocrx_word' id='word_1_7' title='bbox 486 249 730 305; x_wconf 80' lang='lat' dir='ltr'><strong>Congruunt</strong></span> <span class='ocrx_word' id='word_1_8' title='bbox 763 250 867 289; x_wconf 90' lang='lat' dir='ltr'><strong>inter</strong></span> <span class='ocrx_word' id='word_1_9' title='bbox 895 247 1209 289; x_wconf 77' lang='lat' dir='ltr'>Observationes</span> <span class='ocrx_word' id='word_1_10' title='bbox 1243 248 1568 295; x_wconf 57' lang='lat' dir='ltr'><strong>Astronomicae‘,</strong></span> <span class='ocrx_word' id='word_1_11' title='bbox 1616 256 1695 289; x_wconf 82' lang='lat' dir='ltr'><strong>tam</strong></span> <span class='ocrx_word' id='word_1_12' title='bbox 1732 251 1865 292; x_wconf 85' lang='lat' dir='ltr'><strong>mense</strong></span> <span class='ocrx_word' id='word_1_13' title='bbox 1891 251 1974 293; x_wconf 76' lang='lat' dir='ltr'><strong>No-</strong></span> 
     </span>
     <span class='ocr_line' id='line_1_3' title="bbox 230 297 1973 357; baseline 0.002 -13"><span class='ocrx_word' id='word_1_14' title='bbox 230 297 415 336; x_wconf 55' lang='lat' dir='ltr'><strong>&amp;mmm</strong></span> <span class='ocrx_word' id='word_1_15' title='bbox 435 306 588 346; x_wconf 76' lang='lat' dir='ltr'><strong>vemlm&#39;</strong></span> <span class='ocrx_word' id='word_1_16' title='bbox 615 316 734 357; x_wconf 84' lang='lat' dir='ltr'><strong>quam</strong></span> <span class='ocrx_word' id='word_1_17' title='bbox 765 302 961 343; x_wconf 81' lang='lat' dir='ltr'><strong>mensibus</strong></span> <span class='ocrx_word' id='word_1_18' title='bbox 991 313 1162 355; x_wconf 87' lang='lat' dir='ltr'><strong>quatuor</strong></span> <span class='ocrx_word' id='word_1_19' title='bbox 1196 302 1450 357; x_wconf 82' lang='lat' dir='ltr'><strong>sequentibus</strong></span> <span class='ocrx_word' id='word_1_20' title='bbox 1468 331 1480 350; x_wconf 88' lang='grc'>,</span> <span class='ocrx_word' id='word_1_21' title='bbox 1522 308 1617 343; x_wconf 81' lang='lat' dir='ltr'><strong>cum</strong></span> <span class='ocrx_word' id='word_1_22' title='bbox 1646 312 1761 342; x_wconf 88' lang='lat' dir='ltr'><strong>motu</strong></span> <span class='ocrx_word' id='word_1_23' title='bbox 1790 303 1973 346; x_wconf 86' lang='lat' dir='ltr'><strong>Cometae</strong></span> 
     </span>
     <span class='ocr_line' id='line_1_4' title="bbox 434 356 1973 410; baseline 0.001 -10"><span class='ocrx_word' id='word_1_24' title='bbox 434 360 586 400; x_wconf 86' lang='lat' dir='ltr'><strong>circum</strong></span> <span class='ocrx_word' id='word_1_25' title='bbox 616 358 751 398; x_wconf 86' lang='lat' dir='ltr'><strong>Solem</strong></span> <span class='ocrx_word' id='word_1_26' title='bbox 778 358 821 397; x_wconf 88' lang='lat' dir='ltr'><strong>in</strong></span> <span class='ocrx_word' id='word_1_27' title='bbox 844 356 1093 409; x_wconf 68' lang='lat' dir='ltr'><strong>Trajerftoria</strong></span> <span class='ocrx_word' id='word_1_28' title='bbox 1123 357 1245 398; x_wconf 88' lang='lat' dir='ltr'><strong>hacce</strong></span> <span class='ocrx_word' id='word_1_29' title='bbox 1274 357 1501 398; x_wconf 72' lang='lat' dir='ltr'>parabolica</span> <span class='ocrx_word' id='word_1_30' title='bbox 1519 387 1531 404; x_wconf 90' lang='lat'><strong>‚</strong></span> <span class='ocrx_word' id='word_1_31' title='bbox 1573 366 1695 410; x_wconf 89' lang='lat' dir='ltr'><strong>atque</strong></span> <span class='ocrx_word' id='word_1_32' title='bbox 1722 356 1824 396; x_wconf 86' lang='lat' dir='ltr'><strong>adeo</strong></span> <span class='ocrx_word' id='word_1_33' title='bbox 1851 370 1973 401; x_wconf 88' lang='lat' dir='ltr'><strong>unum</strong></span> 
     </span>
     <span class='ocr_line' id='line_1_5' title="bbox 436 410 1975 465; baseline 0.001 -12"><span class='ocrx_word' id='word_1_34' title='bbox 436 413 479 453; x_wconf 59' lang='grc' dir='ltr'><strong>δέ</strong></span> <span class='ocrx_word' id='word_1_35' title='bbox 506 412 680 453; x_wconf 85' lang='lat' dir='ltr'><strong>eundem</strong></span> <span class='ocrx_word' id='word_1_36' title='bbox 699 410 915 451; x_wconf 87' lang='lat' dir='ltr'><strong>Cometam</strong></span> <span class='ocrx_word' id='word_1_37' title='bbox 936 410 1069 458; x_wconf 84' lang='lat' dir='ltr'><strong>fuiffe,</strong></span> <span class='ocrx_word' id='word_1_38' title='bbox 1098 412 1168 465; x_wconf 92' lang='lat' dir='ltr'><strong>qui</strong></span> <span class='ocrx_word' id='word_1_39' title='bbox 1193 413 1329 453; x_wconf 90' lang='lat' dir='ltr'><strong>mense</strong></span> <span class='ocrx_word' id='word_1_40' title='bbox 1347 412 1568 452; x_wconf 74' lang='lat' dir='ltr'><strong>Novembri</strong></span> <span class='ocrx_word' id='word_1_41' title='bbox 1589 411 1639 451; x_wconf 88' lang='lat' dir='ltr'><strong>ad</strong></span> <span class='ocrx_word' id='word_1_42' title='bbox 1660 410 1793 451; x_wconf 79' lang='lat' dir='ltr'><strong>Solem</strong></span> <span class='ocrx_word' id='word_1_43' title='bbox 1814 410 1975 454; x_wconf 83' lang='lat' dir='ltr'><strong>descen-</strong></span> 
     </span>
     <span class='ocr_line' id='line_1_6' title="bbox 431 465 1975 519; baseline 0 -13"><span class='ocrx_word' id='word_1_44' title='bbox 431 467 520 513; x_wconf 84' lang='lat' dir='ltr'><strong>dit,</strong></span> <span class='ocrx_word' id='word_1_45' title='bbox 558 466 600 505; x_wconf 75' lang='grc' dir='ltr'><strong>δε</strong></span> <span class='ocrx_word' id='word_1_46' title='bbox 630 465 826 506; x_wconf 85' lang='lat' dir='ltr'><strong>mensibus</strong></span> <span class='ocrx_word' id='word_1_47' title='bbox 855 465 1108 519; x_wconf 75' lang='lat' dir='ltr'><strong>sequentibus</strong></span> <span class='ocrx_word' id='word_1_48' title='bbox 1136 466 1360 507; x_wconf 87' lang='lat' dir='ltr'><strong>abeodem</strong></span> <span class='ocrx_word' id='word_1_49' title='bbox 1389 466 1565 506; x_wconf 87' lang='lat' dir='ltr'><strong>ascendit</strong></span> <span class='ocrx_word' id='word_1_50' title='bbox 1584 495 1595 513; x_wconf 89' lang='lat'>‚</span> <span class='ocrx_word' id='word_1_51' title='bbox 1642 465 1801 505; x_wconf 84' lang='lat' dir='ltr'><strong>abunde</strong></span> <span class='ocrx_word' id='word_1_52' title='bbox 1830 466 1975 506; x_wconf 81' lang='lat' dir='ltr'><strong>confir-</strong></span> 
     </span>
     <span class='ocr_line' id='line_1_7' title="bbox 433 519 1994 572; baseline 0 -12"><span class='ocrx_word' id='word_1_53' title='bbox 433 531 563 567; x_wconf 85' lang='lat' dir='ltr'><strong>mant,</strong></span> <span class='ocrx_word' id='word_1_54' title='bbox 599 530 644 560; x_wconf 87' lang='lat' dir='ltr'><strong>ut</strong></span> <span class='ocrx_word' id='word_1_55' title='bbox 672 520 713 559; x_wconf 70' lang='grc' dir='ltr'><strong>ἅτ</strong></span> <span class='ocrx_word' id='word_1_56' title='bbox 740 520 846 560; x_wconf 87' lang='lat' dir='ltr'><strong>hunc</strong></span> <span class='ocrx_word' id='word_1_57' title='bbox 876 520 1091 561; x_wconf 84' lang='lat' dir='ltr'><strong>Cometam</strong></span> <span class='ocrx_word' id='word_1_58' title='bbox 1121 520 1161 560; x_wconf 90' lang='lat' dir='ltr'><strong>in</strong></span> <span class='ocrx_word' id='word_1_59' title='bbox 1190 520 1436 572; x_wconf 61' lang='lat' dir='ltr'><strong>TrajeFmria</strong></span> <span class='ocrx_word' id='word_1_60' title='bbox 1463 521 1586 560; x_wconf 80' lang='lat' dir='ltr'><strong>hacce</strong></span> <span class='ocrx_word' id='word_1_61' title='bbox 1615 519 1842 560; x_wconf 76' lang='lat' dir='ltr'><strong>parabolica</strong></span> <span class='ocrx_word' id='word_1_62' title='bbox 1871 519 1994 565; x_wconf 68' lang='lat' dir='ltr'><strong>dela-¹</strong></span> 
     </span>
     <span class='ocr_line' id='line_1_8' title="bbox 432 573 1977 627; baseline 0.001 -13"><span class='ocrx_word' id='word_1_63' title='bbox 432 584 519 614; x_wconf 83' lang='lat' dir='ltr'><strong>tum</strong></span> <span class='ocrx_word' id='word_1_64' title='bbox 554 573 668 615; x_wconf 79' lang='lat' dir='ltr'><strong>fuisse</strong></span> <span class='ocrx_word' id='word_1_65' title='bbox 703 575 1020 627; x_wconf 81' lang='lat' dir='ltr'><strong>quamproxime.</strong></span> <span class='ocrx_word' id='word_1_66' title='bbox 1086 573 1294 615; x_wconf 69' lang='lat' dir='ltr'><strong>Mentibus</strong></span> <span class='ocrx_word' id='word_1_67' title='bbox 1331 575 1579 621; x_wconf 74' lang='lat' dir='ltr'><strong>Decembri,</strong></span> <span class='ocrx_word' id='word_1_68' title='bbox 1625 574 1822 625; x_wconf 75' lang='lat' dir='ltr'><strong>Jammrio</strong></span> <span class='ocrx_word' id='word_1_69' title='bbox 1844 604 1855 620; x_wconf 91' lang='lat'><em>,</em></span> <span class='ocrx_word' id='word_1_70' title='bbox 1900 574 1977 615; x_wconf 81' lang='lat' dir='ltr'><strong>Fe-</strong></span> 
     </span>
     <span class='ocr_line' id='line_1_9' title="bbox 432 628 1977 681; baseline 0.001 -13"><span class='ocrx_word' id='word_1_71' title='bbox 432 629 589 669; x_wconf 68' lang='lat' dir='ltr'><strong>bruario</strong></span> <span class='ocrx_word' id='word_1_72' title='bbox 619 629 657 668; x_wconf 72' lang='grc' dir='ltr'><strong>δε</strong></span> <span class='ocrx_word' id='word_1_73' title='bbox 692 628 867 676; x_wconf 81' lang='lat' dir='ltr'><strong>Martio,</strong></span> <span class='ocrx_word' id='word_1_74' title='bbox 896 629 961 669; x_wconf 92' lang='lat' dir='ltr'><strong>ubi</strong></span> <span class='ocrx_word' id='word_1_75' title='bbox 991 629 1300 669; x_wconf 84' lang='lat' dir='ltr'><strong>Observationes</strong></span> <span class='ocrx_word' id='word_1_76' title='bbox 1331 629 1443 681; x_wconf 89' lang='lat' dir='ltr'><strong>hujus</strong></span> <span class='ocrx_word' id='word_1_77' title='bbox 1470 628 1656 667; x_wconf 84' lang='lat' dir='ltr'><strong>Cometae</strong></span> <span class='ocrx_word' id='word_1_78' title='bbox 1683 628 1771 668; x_wconf 88' lang='lat' dir='ltr'><strong>sunt</strong></span> <span class='ocrx_word' id='word_1_79' title='bbox 1798 628 1885 668; x_wconf 81' lang='lat' dir='ltr'><strong>satis</strong></span> <span class='ocrx_word' id='word_1_80' title='bbox 1913 642 1977 669; x_wconf 88' lang='lat' dir='ltr'><strong>ac-</strong></span> 
     </span>
     <span class='ocr_line' id='line_1_10' title="bbox 431 679 2005 736; baseline 0.001 -14"><span class='ocrx_word' id='word_1_81' title='bbox 431 694 579 723; x_wconf 78' lang='lat' dir='ltr'><strong>curatae</strong></span> <span class='ocrx_word' id='word_1_82' title='bbox 600 712 610 729; x_wconf 93' lang='lat'><em>‚</em></span> <span class='ocrx_word' id='word_1_83' title='bbox 646 694 876 736; x_wconf 83' lang='lat' dir='ltr'><strong>congruunt</strong></span> <span class='ocrx_word' id='word_1_84' title='bbox 902 684 1057 724; x_wconf 80' lang='lat' dir='ltr'><strong>eaedem</strong></span> <span class='ocrx_word' id='word_1_85' title='bbox 1080 696 1172 723; x_wconf 88' lang='lat' dir='ltr'><strong>cum</strong></span> <span class='ocrx_word' id='word_1_86' title='bbox 1200 693 1314 723; x_wconf 88' lang='lat' dir='ltr'><strong>motu</strong></span> <span class='ocrx_word' id='word_1_87' title='bbox 1339 682 1421 729; x_wconf 82' lang='lat' dir='ltr'><strong>eius</strong></span> <span class='ocrx_word' id='word_1_88' title='bbox 1440 682 1480 721; x_wconf 90' lang='lat' dir='ltr'><strong>in</strong></span> <span class='ocrx_word' id='word_1_89' title='bbox 1501 681 1574 721; x_wconf 87' lang='lat' dir='ltr'><strong>hac</strong></span> <span class='ocrx_word' id='word_1_90' title='bbox 1593 681 1863 734; x_wconf 52' lang='lat' dir='ltr'><strong>Trajec&#39;iorim</strong></span> <span class='ocrx_word' id='word_1_91' title='bbox 1893 696 1975 724; x_wconf 88' lang='lat' dir='ltr'><strong>non</strong></span> <span class='ocrx_word' id='word_1_92' title='bbox 1989 679 2005 705; x_wconf 62' lang='grc' dir='ltr'><strong>ἶ·</strong></span> 
     </span>
     <span class='ocr_line' id='line_1_11' title="bbox 430 736 1974 791; baseline 0.001 -14"><span class='ocrx_word' id='word_1_93' title='bbox 430 738 560 778; x_wconf 80' lang='lat' dir='ltr'><strong>minus</strong></span> <span class='ocrx_word' id='word_1_94' title='bbox 597 747 782 778; x_wconf 87' lang='lat' dir='ltr'><strong>accurate</strong></span> <span class='ocrx_word' id='word_1_95' title='bbox 819 751 939 791; x_wconf 86' lang='lat' dir='ltr'><strong>quam</strong></span> <span class='ocrx_word' id='word_1_96' title='bbox 976 737 1270 789; x_wconf 80' lang='lat' dir='ltr'><strong>observationes</strong></span> <span class='ocrx_word' id='word_1_97' title='bbox 1309 736 1559 776; x_wconf 73' lang='lat' dir='ltr'><strong>planetarum</strong></span> <span class='ocrx_word' id='word_1_98' title='bbox 1594 749 1819 789; x_wconf 83' lang='lat' dir='ltr'><strong>congruere</strong></span> <span class='ocrx_word' id='word_1_99' title='bbox 1849 737 1974 778; x_wconf 77' lang='lat' dir='ltr'><strong>soient</strong></span> 
     </span>
     <span class='ocr_line' id='line_1_12' title="bbox 431 789 1973 837; baseline 0 -5"><span class='ocrx_word' id='word_1_100' title='bbox 431 804 524 832; x_wconf 90' lang='lat' dir='ltr'><strong>cum</strong></span> <span class='ocrx_word' id='word_1_101' title='bbox 552 804 695 833; x_wconf 88' lang='lat' dir='ltr'><strong>eorum</strong></span> <span class='ocrx_word' id='word_1_102' title='bbox 719 791 920 833; x_wconf 85' lang='lat' dir='ltr'><strong>Theoriis.</strong></span> <span class='ocrx_word' id='word_1_103' title='bbox 988 790 1130 831; x_wconf 85' lang='lat' dir='ltr'><strong>Mense</strong></span> <span class='ocrx_word' id='word_1_104' title='bbox 1162 790 1380 831; x_wconf 78' lang='lat' dir='ltr'><strong>Novembri</strong></span> <span class='ocrx_word' id='word_1_105' title='bbox 1397 818 1409 837; x_wconf 85' lang='lat'>‚</span> <span class='ocrx_word' id='word_1_106' title='bbox 1450 790 1537 837; x_wconf 22' lang='lat' dir='ltr'><strong>*ubi*</strong></span> <span class='ocrx_word' id='word_1_107' title='bbox 1561 789 1855 831; x_wconf 81' lang='lat' dir='ltr'><strong>observationes</strong></span> <span class='ocrx_word' id='word_1_108' title='bbox 1885 791 1973 832; x_wconf 86' lang='lat' dir='ltr'><strong>sunt</strong></span> 
     </span>
     <span class='ocr_line' id='line_1_13' title="bbox 431 843 1974 897; baseline -0.001 -11"><span class='ocrx_word' id='word_1_109' title='bbox 431 846 563 886; x_wconf 54' lang='lat' dir='ltr'><strong>crassZae</strong></span> <span class='ocrx_word' id='word_1_110' title='bbox 584 875 595 894; x_wconf 92' lang='lat'>‚</span> <span class='ocrx_word' id='word_1_111' title='bbox 636 859 790 886; x_wconf 89' lang='lat' dir='ltr'><strong>errores</strong></span> <span class='ocrx_word' id='word_1_112' title='bbox 827 859 909 886; x_wconf 93' lang='lat' dir='ltr'><strong>non</strong></span> <span class='ocrx_word' id='word_1_113' title='bbox 948 845 1036 885; x_wconf 90' lang='lat' dir='ltr'><strong>sunt</strong></span> <span class='ocrx_word' id='word_1_114' title='bbox 1074 844 1240 896; x_wconf 85' lang='lat' dir='ltr'><strong>majores</strong></span> <span class='ocrx_word' id='word_1_115' title='bbox 1270 856 1388 897; x_wconf 88' lang='lat' dir='ltr'><strong>quam</strong></span> <span class='ocrx_word' id='word_1_116' title='bbox 1419 845 1487 897; x_wconf 90' lang='lat' dir='ltr'><strong>qui</strong></span> <span class='ocrx_word' id='word_1_117' title='bbox 1516 843 1761 884; x_wconf 77' lang='lat' dir='ltr'><strong>crassitudini</strong></span> <span class='ocrx_word' id='word_1_118' title='bbox 1794 845 1974 885; x_wconf 87' lang='lat' dir='ltr'><strong>observa-</strong></span> 
     </span>
     <span class='ocr_line' id='line_1_14' title="bbox 432 897 1974 951; baseline -0.001 -12"><span class='ocrx_word' id='word_1_119' title='bbox 432 900 590 941; x_wconf 89' lang='lat' dir='ltr'><strong>tionum</strong></span> <span class='ocrx_word' id='word_1_120' title='bbox 630 900 865 941; x_wconf 80' lang='lat' dir='ltr'><strong>tribuantur.</strong></span> <span class='ocrx_word' id='word_1_121' title='bbox 921 897 1169 951; x_wconf 60' lang='lat' dir='ltr'><strong>Trajecioria</strong></span> <span class='ocrx_word' id='word_1_122' title='bbox 1200 898 1386 938; x_wconf 81' lang='lat' dir='ltr'><strong>Cometae</strong></span> <span class='ocrx_word' id='word_1_123' title='bbox 1416 898 1473 937; x_wconf 87' lang='lat' dir='ltr'><strong>bis</strong></span> <span class='ocrx_word' id='word_1_124' title='bbox 1501 897 1623 937; x_wconf 86' lang='lat' dir='ltr'><strong>secuit</strong></span> <span class='ocrx_word' id='word_1_125' title='bbox 1653 898 1811 951; x_wconf 82' lang='lat' dir='ltr'><strong>planum</strong></span> <span class='ocrx_word' id='word_1_126' title='bbox 1838 897 1974 951; x_wconf 82' lang='lat' dir='ltr'><strong>Eclip-</strong></span> 
     </span>
     <span class='ocr_line' id='line_1_15' title="bbox 432 951 1974 1007; baseline 0.001 -14"><span class='ocrx_word' id='word_1_127' title='bbox 432 953 523 994; x_wconf 81' lang='lat' dir='ltr'><strong>ticae</strong></span> <span class='ocrx_word' id='word_1_128' title='bbox 540 984 551 1002; x_wconf 93' lang='lat'><strong>‚</strong></span> <span class='ocrx_word' id='word_1_129' title='bbox 597 955 637 995; x_wconf 73' lang='grc' dir='ltr'><strong>δε</strong></span> <span class='ocrx_word' id='word_1_130' title='bbox 664 964 875 1007; x_wconf 87' lang='lat' dir='ltr'><strong>propterea</strong></span> <span class='ocrx_word' id='word_1_131' title='bbox 912 966 994 992; x_wconf 88' lang='lat' dir='ltr'><strong>non</strong></span> <span class='ocrx_word' id='word_1_132' title='bbox 1028 952 1104 992; x_wconf 87' lang='lat' dir='ltr'><strong>fuit</strong></span> <span class='ocrx_word' id='word_1_133' title='bbox 1131 951 1346 992; x_wconf 70' lang='lat' dir='ltr'><strong>oefflfinea.</strong></span> <span class='ocrx_word' id='word_1_134' title='bbox 1413 952 1650 1004; x_wconf 76' lang='lat' dir='ltr'><strong>Eclipticam</strong></span> <span class='ocrx_word' id='word_1_135' title='bbox 1677 953 1798 993; x_wconf 87' lang='lat' dir='ltr'><strong>secuit</strong></span> <span class='ocrx_word' id='word_1_136' title='bbox 1826 964 1906 992; x_wconf 88' lang='lat' dir='ltr'><strong>non</strong></span> <span class='ocrx_word' id='word_1_137' title='bbox 1933 954 1974 994; x_wconf 88' lang='lat' dir='ltr'><strong>in</strong></span> 
     </span>
     <span class='ocr_line' id='line_1_16' title="bbox 434 1004 1975 1061; baseline 0 -14"><span class='ocrx_word' id='word_1_138' title='bbox 434 1009 621 1061; x_wconf 77' lang='lat' dir='ltr'><strong>oppositis</strong></span> <span class='ocrx_word' id='word_1_139' title='bbox 658 1008 753 1051; x_wconf 79' lang='lat' dir='ltr'><strong>coeli</strong></span> <span class='ocrx_word' id='word_1_140' title='bbox 794 1006 967 1059; x_wconf 87' lang='lat' dir='ltr'><strong>partibus</strong></span> <span class='ocrx_word' id='word_1_141' title='bbox 986 1035 996 1052; x_wconf 92' lang='lat'>,</span> <span class='ocrx_word' id='word_1_142' title='bbox 1040 1006 1107 1046; x_wconf 91' lang='lat' dir='ltr'><strong>sed</strong></span> <span class='ocrx_word' id='word_1_143' title='bbox 1147 1006 1188 1046; x_wconf 88' lang='lat' dir='ltr'><strong>in</strong></span> <span class='ocrx_word' id='word_1_144' title='bbox 1215 1005 1296 1046; x_wconf 90' lang='lat' dir='ltr'><strong>fine</strong></span> <span class='ocrx_word' id='word_1_145' title='bbox 1325 1006 1503 1059; x_wconf 80' lang='lat' dir='ltr'><strong>Virginis</strong></span> <span class='ocrx_word' id='word_1_146' title='bbox 1533 1004 1573 1045; x_wconf 73' lang='grc' dir='ltr'><strong>δε</strong></span> <span class='ocrx_word' id='word_1_147' title='bbox 1603 1006 1802 1059; x_wconf 82' lang='lat' dir='ltr'><strong>principio</strong></span> <span class='ocrx_word' id='word_1_148' title='bbox 1833 1006 1975 1060; x_wconf 86' lang='lat' dir='ltr'><strong>Capri-</strong></span> 
     </span>
     <span class='ocr_line' id='line_1_17' title="bbox 433 1060 1973 1114; baseline 0 -12"><span class='ocrx_word' id='word_1_149' title='bbox 433 1063 579 1109; x_wconf 87' lang='lat' dir='ltr'><strong>corni,</strong></span> <span class='ocrx_word' id='word_1_150' title='bbox 619 1061 829 1102; x_wconf 88' lang='lat' dir='ltr'><strong>intervallo</strong></span> <span class='ocrx_word' id='word_1_151' title='bbox 867 1060 1063 1114; x_wconf 85' lang='lat' dir='ltr'><strong>graduum</strong></span> <span class='ocrx_word' id='word_1_152' title='bbox 1094 1060 1145 1111; x_wconf 83' lang='lat'><strong>98</strong></span> <span class='ocrx_word' id='word_1_153' title='bbox 1177 1061 1369 1109; x_wconf 85' lang='lat' dir='ltr'><strong>circiter;</strong></span> <span class='ocrx_word' id='word_1_154' title='bbox 1416 1060 1593 1112; x_wconf 85' lang='lat' dir='ltr'><strong>ideoque</strong></span> <span class='ocrx_word' id='word_1_155' title='bbox 1622 1062 1755 1101; x_wconf 83' lang='lat' dir='ltr'><strong>cursus</strong></span> <span class='ocrx_word' id='word_1_156' title='bbox 1785 1061 1973 1102; x_wconf 82' lang='lat' dir='ltr'><strong>Cometae</strong></span> 
     </span>
     <span class='ocr_line' id='line_1_18' title="bbox 430 1113 1974 1169; baseline -0.001 -13"><span class='ocrx_word' id='word_1_157' title='bbox 430 1117 646 1169; x_wconf 85' lang='lat' dir='ltr'><strong>plurimum</strong></span> <span class='ocrx_word' id='word_1_158' title='bbox 685 1115 976 1156; x_wconf 64' lang='lat' dir='ltr'><strong>defleRebatur</strong></span> <span class='ocrx_word' id='word_1_159' title='bbox 1014 1128 1034 1154; x_wconf 91' lang='lat' dir='ltr'><strong>a</strong></span> <span class='ocrx_word' id='word_1_160' title='bbox 1072 1113 1239 1155; x_wconf 83' lang='lat' dir='ltr'><strong>Circulo</strong></span> <span class='ocrx_word' id='word_1_161' title='bbox 1278 1114 1467 1155; x_wconf 85' lang='lat' dir='ltr'><strong>maximo.</strong></span> <span class='ocrx_word' id='word_1_162' title='bbox 1524 1114 1628 1154; x_wconf 87' lang='lat' dir='ltr'><strong>Nam</strong></span> <span class='ocrx_word' id='word_1_163' title='bbox 1659 1114 1863 1163; x_wconf 76' lang='lat' dir='ltr'><strong>&amp;mense</strong></span> <span class='ocrx_word' id='word_1_164' title='bbox 1891 1117 1974 1156; x_wconf 83' lang='lat' dir='ltr'><strong>No-</strong></span> 
     </span>
     <span class='ocr_line' id='line_1_19' title="bbox 435 1167 1973 1222; baseline 0.001 -13"><span class='ocrx_word' id='word_1_165' title='bbox 435 1171 591 1210; x_wconf 77' lang='lat' dir='ltr'><strong>vembri</strong></span> <span class='ocrx_word' id='word_1_166' title='bbox 617 1170 751 1210; x_wconf 88' lang='lat' dir='ltr'><strong>cursus</strong></span> <span class='ocrx_word' id='word_1_167' title='bbox 781 1170 863 1221; x_wconf 89' lang='lat' dir='ltr'><strong>ejus</strong></span> <span class='ocrx_word' id='word_1_168' title='bbox 893 1169 1016 1210; x_wconf 85' lang='lat' dir='ltr'><strong>tribus</strong></span> <span class='ocrx_word' id='word_1_169' title='bbox 1045 1168 1179 1209; x_wconf 85' lang='lat' dir='ltr'><strong>saltem</strong></span> <span class='ocrx_word' id='word_1_170' title='bbox 1217 1168 1401 1221; x_wconf 75' lang='lat' dir='ltr'><strong>gradibus</strong></span> <span class='ocrx_word' id='word_1_171' title='bbox 1428 1168 1479 1208; x_wconf 85' lang='lat' dir='ltr'><strong>ab</strong></span> <span class='ocrx_word' id='word_1_172' title='bbox 1507 1167 1702 1222; x_wconf 83' lang='lat' dir='ltr'><strong>Ecliptica</strong></span> <span class='ocrx_word' id='word_1_173' title='bbox 1732 1170 1773 1209; x_wconf 90' lang='lat' dir='ltr'><strong>in</strong></span> <span class='ocrx_word' id='word_1_174' title='bbox 1800 1169 1973 1211; x_wconf 79' lang='lat' dir='ltr'><strong>austrum</strong></span> 
     </span>
     <span class='ocr_line' id='line_1_20' title="bbox 431 1222 1970 1277; baseline 0.001 -14"><span class='ocrx_word' id='word_1_175' title='bbox 431 1223 655 1265; x_wconf 79' lang='lat' dir='ltr'><strong>deciinabat</strong></span> <span class='ocrx_word' id='word_1_176' title='bbox 676 1254 688 1271; x_wconf 92' lang='lat'>,</span> <span class='ocrx_word' id='word_1_177' title='bbox 734 1225 776 1264; x_wconf 84' lang='lat'>&amp;</span> <span class='ocrx_word' id='word_1_178' title='bbox 813 1224 944 1277; x_wconf 87' lang='lat' dir='ltr'><strong>postea</strong></span> <span class='ocrx_word' id='word_1_179' title='bbox 984 1224 1117 1264; x_wconf 87' lang='lat' dir='ltr'><strong>mense</strong></span> <span class='ocrx_word' id='word_1_180' title='bbox 1153 1223 1370 1264; x_wconf 75' lang='lat' dir='ltr'><strong>Decembri</strong></span> <span class='ocrx_word' id='word_1_181' title='bbox 1408 1222 1596 1276; x_wconf 79' lang='lat' dir='ltr'><strong>gradibus</strong></span> <span class='ocrx_word' id='word_1_182' title='bbox 1627 1237 1676 1274; x_wconf 84' lang='lat'><strong>29</strong></span> <span class='ocrx_word' id='word_1_183' title='bbox 1707 1223 1894 1276; x_wconf 84' lang='lat' dir='ltr'><strong>vergebat</strong></span> <span class='ocrx_word' id='word_1_184' title='bbox 1923 1225 1970 1264; x_wconf 89' lang='lat' dir='ltr'><strong>ab</strong></span> 
     </span>
     <span class='ocr_line' id='line_1_21' title="bbox 428 1276 1980 1332; baseline 0.001 -14"><span class='ocrx_word' id='word_1_185' title='bbox 428 1276 627 1331; x_wconf 81' lang='lat' dir='ltr'><strong>Ecliptica</strong></span> <span class='ocrx_word' id='word_1_186' title='bbox 674 1279 715 1319; x_wconf 91' lang='lat' dir='ltr'><strong>in</strong></span> <span class='ocrx_word' id='word_1_187' title='bbox 761 1279 1107 1331; x_wconf 85' lang='lat' dir='ltr'><strong>septentrionem,</strong></span> <span class='ocrx_word' id='word_1_188' title='bbox 1154 1277 1329 1330; x_wconf 87' lang='lat' dir='ltr'><strong>partibus</strong></span> <span class='ocrx_word' id='word_1_189' title='bbox 1369 1276 1519 1318; x_wconf 87' lang='lat' dir='ltr'><strong>duabus</strong></span> <span class='ocrx_word' id='word_1_190' title='bbox 1556 1276 1711 1318; x_wconf 84' lang='lat' dir='ltr'><strong>Orbitae</strong></span> <span class='ocrx_word' id='word_1_191' title='bbox 1749 1278 1788 1318; x_wconf 90' lang='lat' dir='ltr'><strong>in</strong></span> <span class='ocrx_word' id='word_1_192' title='bbox 1827 1278 1980 1332; x_wconf 85' lang='lat' dir='ltr'><strong>quibus-</strong></span> 
     </span>
     <span class='ocr_line' id='line_1_22' title="bbox 429 1331 1970 1385; baseline 0.001 -13"><span class='ocrx_word' id='word_1_193' title='bbox 429 1331 603 1373; x_wconf 82' lang='lat' dir='ltr'><strong>Cometa</strong></span> <span class='ocrx_word' id='word_1_194' title='bbox 643 1333 833 1373; x_wconf 84' lang='lat' dir='ltr'><strong>tendebat</strong></span> <span class='ocrx_word' id='word_1_195' title='bbox 863 1333 903 1373; x_wconf 88' lang='lat' dir='ltr'><strong>in</strong></span> <span class='ocrx_word' id='word_1_196' title='bbox 933 1332 1067 1373; x_wconf 84' lang='lat' dir='ltr'><strong>Solem</strong></span> <span class='ocrx_word' id='word_1_197' title='bbox 1100 1332 1140 1372; x_wconf 68' lang='grc' dir='ltr'><strong>δι</strong></span> <span class='ocrx_word' id='word_1_198' title='bbox 1171 1332 1327 1372; x_wconf 83' lang='lat' dir='ltr'><strong>redibat</strong></span> <span class='ocrx_word' id='word_1_199' title='bbox 1357 1345 1378 1371; x_wconf 88' lang='lat' dir='ltr'><strong>a</strong></span> <span class='ocrx_word' id='word_1_200' title='bbox 1406 1332 1499 1378; x_wconf 79' lang='lat' dir='ltr'><strong>Sole</strong></span> <span class='ocrx_word' id='word_1_201' title='bbox 1518 1358 1529 1376; x_wconf 90' lang='lat'>‚</span> <span class='ocrx_word' id='word_1_202' title='bbox 1574 1332 1720 1384; x_wconf 86' lang='lat' dir='ltr'><strong>angulo</strong></span> <span class='ocrx_word' id='word_1_203' title='bbox 1756 1343 1970 1385; x_wconf 86' lang='lat' dir='ltr'><strong>apparente</strong></span> 
     </span>
     <span class='ocr_line' id='line_1_23' title="bbox 430 1385 1971 1440; baseline 0.001 -15"><span class='ocrx_word' id='word_1_204' title='bbox 430 1387 626 1438; x_wconf 81' lang='lat' dir='ltr'><strong>graduum</strong></span> <span class='ocrx_word' id='word_1_205' title='bbox 671 1387 758 1440; x_wconf 86' lang='lat' dir='ltr'><strong>plus</strong></span> <span class='ocrx_word' id='word_1_206' title='bbox 797 1387 961 1440; x_wconf 85' lang='lat' dir='ltr'><strong>triginta</strong></span> <span class='ocrx_word' id='word_1_207' title='bbox 999 1386 1046 1426; x_wconf 89' lang='lat' dir='ltr'><strong>ab</strong></span> <span class='ocrx_word' id='word_1_208' title='bbox 1085 1387 1260 1427; x_wconf 89' lang='lat' dir='ltr'><strong>invicem</strong></span> <span class='ocrx_word' id='word_1_209' title='bbox 1303 1385 1623 1433; x_wconf 76' lang='lat' dir='ltr'><strong>declinantibus,</strong></span> <span class='ocrx_word' id='word_1_210' title='bbox 1670 1396 1714 1427; x_wconf 90' lang='lat' dir='ltr'><strong>ut</strong></span> <span class='ocrx_word' id='word_1_211' title='bbox 1750 1386 1971 1427; x_wconf 84' lang='lat' dir='ltr'><strong>observavit</strong></span> 
     </span>
     <span class='ocr_line' id='line_1_24' title="bbox 428 1439 1970 1494; baseline 0.002 -15"><span class='ocrx_word' id='word_1_212' title='bbox 428 1439 704 1482; x_wconf 70' lang='lat' dir='ltr'><strong>Montemrm.</strong></span> <span class='ocrx_word' id='word_1_213' title='bbox 762 1441 954 1493; x_wconf 73' lang='lat' dir='ltr'><strong>Pergebat</strong></span> <span class='ocrx_word' id='word_1_214' title='bbox 978 1440 1043 1480; x_wconf 87' lang='lat' dir='ltr'><strong>hic</strong></span> <span class='ocrx_word' id='word_1_215' title='bbox 1069 1440 1242 1482; x_wconf 83' lang='lat' dir='ltr'><strong>Cometa</strong></span> <span class='ocrx_word' id='word_1_216' title='bbox 1267 1453 1341 1494; x_wconf 85' lang='lat' dir='ltr'><strong>per</strong></span> <span class='ocrx_word' id='word_1_217' title='bbox 1370 1440 1476 1493; x_wconf 85' lang='lat' dir='ltr'><strong>figna</strong></span> <span class='ocrx_word' id='word_1_218' title='bbox 1501 1440 1587 1480; x_wconf 89' lang='lat' dir='ltr'><strong>fere</strong></span> <span class='ocrx_word' id='word_1_219' title='bbox 1613 1452 1788 1487; x_wconf 87' lang='lat' dir='ltr'><strong>novem,</strong></span> <span class='ocrx_word' id='word_1_220' title='bbox 1824 1454 1844 1481; x_wconf 87' lang='lat' dir='ltr'><strong>a</strong></span> <span class='ocrx_word' id='word_1_221' title='bbox 1876 1441 1970 1482; x_wconf 77' lang='lat' dir='ltr'><strong>Vir-</strong></span> 
     </span>
     <span class='ocr_line' id='line_1_25' title="bbox 424 1493 1970 1549; baseline 0.001 -15"><span class='ocrx_word' id='word_1_222' title='bbox 424 1494 527 1543; x_wconf 80' lang='lat' dir='ltr'><strong>ginis</strong></span> <span class='ocrx_word' id='word_1_223' title='bbox 564 1495 712 1536; x_wconf 90' lang='lat' dir='ltr'><strong>scilicet</strong></span> <span class='ocrx_word' id='word_1_224' title='bbox 742 1496 989 1538; x_wconf 85' lang='lat' dir='ltr'><strong>duodecimo</strong></span> <span class='ocrx_word' id='word_1_225' title='bbox 1017 1496 1142 1548; x_wconf 88' lang='lat' dir='ltr'><strong>gradu</strong></span> <span class='ocrx_word' id='word_1_226' title='bbox 1171 1495 1219 1537; x_wconf 84' lang='lat' dir='ltr'><strong>ad</strong></span> <span class='ocrx_word' id='word_1_227' title='bbox 1249 1494 1489 1548; x_wconf 80' lang='lat' dir='ltr'><strong>principium</strong></span> <span class='ocrx_word' id='word_1_228' title='bbox 1521 1493 1791 1535; x_wconf 83' lang='lat' dir='ltr'><strong>Geminorum</strong></span> <span class='ocrx_word' id='word_1_229' title='bbox 1812 1524 1822 1542; x_wconf 93' lang='lat'>‚</span> <span class='ocrx_word' id='word_1_230' title='bbox 1868 1507 1970 1549; x_wconf 82' lang='lat' dir='ltr'><strong>prae-</strong></span> 
     </span>
     <span class='ocr_line' id='line_1_26' title="bbox 426 1548 2013 1604; baseline -0.001 -16"><span class='ocrx_word' id='word_1_231' title='bbox 426 1559 488 1589; x_wconf 88' lang='lat' dir='ltr'><strong>ter</strong></span> <span class='ocrx_word' id='word_1_232' title='bbox 513 1549 664 1602; x_wconf 84' lang='lat' dir='ltr'><strong>fignum</strong></span> <span class='ocrx_word' id='word_1_233' title='bbox 695 1549 846 1590; x_wconf 84' lang='lat' dir='ltr'><strong>Leonis</strong></span> <span class='ocrx_word' id='word_1_234' title='bbox 879 1563 949 1603; x_wconf 89' lang='lat' dir='ltr'><strong>per</strong></span> <span class='ocrx_word' id='word_1_235' title='bbox 976 1550 1086 1603; x_wconf 88' lang='lat' dir='ltr'><strong>quod</strong></span> <span class='ocrx_word' id='word_1_236' title='bbox 1114 1550 1306 1604; x_wconf 83' lang='lat' dir='ltr'><strong>pergebat</strong></span> <span class='ocrx_word' id='word_1_237' title='bbox 1331 1557 1544 1603; x_wconf 87' lang='lat' dir='ltr'><strong>antequam</strong></span> <span class='ocrx_word' id='word_1_238' title='bbox 1569 1548 1698 1589; x_wconf 89' lang='lat' dir='ltr'><strong>videri</strong></span> <span class='ocrx_word' id='word_1_239' title='bbox 1726 1549 1882 1602; x_wconf 82' lang='lat' dir='ltr'><strong>coepit:</strong></span> <span class='ocrx_word' id='word_1_240' title='bbox 1925 1551 1967 1590; x_wconf 74' lang='grc' dir='ltr'><strong>ὅε</strong></span> <span class='ocrx_word' id='word_1_241' title='bbox 2007 1584 2013 1586; x_wconf 20' lang='lat' dir='ltr'><strong>c</strong></span> 
     </span>
     <span class='ocr_line' id='line_1_27' title="bbox 422 1603 2013 1658; baseline -0.001 -16"><span class='ocrx_word' id='word_1_242' title='bbox 422 1604 527 1643; x_wconf 82' lang='lat' dir='ltr'><strong>nulla</strong></span> <span class='ocrx_word' id='word_1_243' title='bbox 553 1603 625 1644; x_wconf 79' lang='lat' dir='ltr'><strong>alia</strong></span> <span class='ocrx_word' id='word_1_244' title='bbox 653 1615 761 1645; x_wconf 78' lang='lat' dir='ltr'><strong>extat</strong></span> <span class='ocrx_word' id='word_1_245' title='bbox 791 1605 971 1645; x_wconf 85' lang='lat' dir='ltr'><strong>Theoria</strong></span> <span class='ocrx_word' id='word_1_246' title='bbox 989 1634 1000 1651; x_wconf 92' lang='lat'><strong>,</strong></span> <span class='ocrx_word' id='word_1_247' title='bbox 1037 1618 1114 1658; x_wconf 88' lang='lat' dir='ltr'><strong>qua</strong></span> <span class='ocrx_word' id='word_1_248' title='bbox 1143 1604 1316 1644; x_wconf 80' lang='lat' dir='ltr'><strong>Cometa</strong></span> <span class='ocrx_word' id='word_1_249' title='bbox 1353 1614 1500 1643; x_wconf 87' lang='lat' dir='ltr'><strong>tantam</strong></span> <span class='ocrx_word' id='word_1_250' title='bbox 1529 1603 1640 1643; x_wconf 84' lang='lat' dir='ltr'><strong>Coeli</strong></span> <span class='ocrx_word' id='word_1_251' title='bbox 1668 1613 1821 1655; x_wconf 86' lang='lat' dir='ltr'><strong>partem</strong></span> <span class='ocrx_word' id='word_1_252' title='bbox 1852 1615 1967 1645; x_wconf 85' lang='lat' dir='ltr'><strong>motu</strong></span> <span class='ocrx_word' id='word_1_253' title='bbox 2004 1633 2013 1641; x_wconf 68' lang='lat'><strong>.</strong></span> 
     </span>
     <span class='ocr_line' id='line_1_28' title="bbox 425 1656 1967 1711; baseline 0 -14"><span class='ocrx_word' id='word_1_254' title='bbox 425 1657 596 1709; x_wconf 85' lang='lat' dir='ltr'><strong>regulari</strong></span> <span class='ocrx_word' id='word_1_255' title='bbox 632 1669 849 1711; x_wconf 80' lang='lat' dir='ltr'><strong>percurrat.</strong></span> <span class='ocrx_word' id='word_1_256' title='bbox 924 1657 1068 1699; x_wconf 87' lang='lat' dir='ltr'><strong>Motus</strong></span> <span class='ocrx_word' id='word_1_257' title='bbox 1103 1658 1185 1710; x_wconf 89' lang='lat' dir='ltr'><strong>ejus</strong></span> <span class='ocrx_word' id='word_1_258' title='bbox 1222 1658 1297 1698; x_wconf 84' lang='lat' dir='ltr'><strong>fuit</strong></span> <span class='ocrx_word' id='word_1_259' title='bbox 1333 1657 1507 1698; x_wconf 82' lang='lat' dir='ltr'><strong>maxime</strong></span> <span class='ocrx_word' id='word_1_260' title='bbox 1542 1656 1796 1709; x_wconf 82' lang='lat' dir='ltr'><strong>inaequabiiis.</strong></span> <span class='ocrx_word' id='word_1_261' title='bbox 1862 1657 1967 1697; x_wconf 87' lang='lat' dir='ltr'><strong>Nam</strong></span> 
     </span>
     <span class='ocr_line' id='line_1_29' title="bbox 426 1709 1966 1764; baseline 0 -13"><span class='ocrx_word' id='word_1_262' title='bbox 426 1713 532 1751; x_wconf 90' lang='lat' dir='ltr'><strong>circa</strong></span> <span class='ocrx_word' id='word_1_263' title='bbox 561 1711 668 1751; x_wconf 90' lang='lat' dir='ltr'><strong>diem</strong></span> <span class='ocrx_word' id='word_1_264' title='bbox 696 1712 929 1764; x_wconf 78' lang='lat' dir='ltr'><strong>vigesimum</strong></span> <span class='ocrx_word' id='word_1_265' title='bbox 962 1711 1230 1756; x_wconf 79' lang='lat' dir='ltr'><strong>Novembris,</strong></span> <span class='ocrx_word' id='word_1_266' title='bbox 1266 1709 1468 1761; x_wconf 78' lang='lat' dir='ltr'><strong>descripsit</strong></span> <span class='ocrx_word' id='word_1_267' title='bbox 1491 1709 1638 1760; x_wconf 75' lang='lat' dir='ltr'><strong>gradus</strong></span> <span class='ocrx_word' id='word_1_268' title='bbox 1665 1710 1825 1750; x_wconf 91' lang='lat' dir='ltr'><strong>circiter</strong></span> <span class='ocrx_word' id='word_1_269' title='bbox 1849 1711 1966 1764; x_wconf 88' lang='lat' dir='ltr'><strong>quin-</strong></span> 
     </span>
     <span class='ocr_line' id='line_1_30' title="bbox 426 1760 1966 1818; baseline -0.001 -13"><span class='ocrx_word' id='word_1_270' title='bbox 426 1778 506 1818; x_wconf 89' lang='lat' dir='ltr'><strong>que</strong></span> <span class='ocrx_word' id='word_1_271' title='bbox 542 1765 698 1818; x_wconf 80' lang='lat' dir='ltr'><strong>fingulis</strong></span> <span class='ocrx_word' id='word_1_272' title='bbox 735 1765 908 1810; x_wconf 91' lang='lat' dir='ltr'><strong>diebus;</strong></span> <span class='ocrx_word' id='word_1_273' title='bbox 953 1764 1048 1803; x_wconf 91' lang='lat' dir='ltr'><strong>dein</strong></span> <span class='ocrx_word' id='word_1_274' title='bbox 1088 1770 1202 1803; x_wconf 88' lang='lat' dir='ltr'><strong>motu</strong></span> <span class='ocrx_word' id='word_1_275' title='bbox 1239 1761 1441 1803; x_wconf 86' lang='lat' dir='ltr'><strong>retardato</strong></span> <span class='ocrx_word' id='word_1_276' title='bbox 1479 1762 1584 1802; x_wconf 89' lang='lat' dir='ltr'><strong>inter</strong></span> <span class='ocrx_word' id='word_1_277' title='bbox 1615 1760 1800 1804; x_wconf 81' lang='lat' dir='ltr'><strong>Novemb.</strong></span> <span class='ocrx_word' id='word_1_278' title='bbox 1829 1768 1892 1804; x_wconf 84' lang='lat'><strong>26.</strong></span> <span class='ocrx_word' id='word_1_279' title='bbox 1923 1764 1966 1804; x_wconf 73' lang='grc' dir='ltr'><strong>δε</strong></span> 
     </span>
     <span class='ocr_line' id='line_1_31' title="bbox 426 1816 1967 1873; baseline 0 -15"><span class='ocrx_word' id='word_1_280' title='bbox 426 1820 613 1859; x_wconf 78' lang='lat' dir='ltr'><strong>Decemb.</strong></span> <span class='ocrx_word' id='word_1_281' title='bbox 646 1832 690 1856; x_wconf 88' lang='lat'><strong>12</strong></span> <span class='ocrx_word' id='word_1_282' title='bbox 711 1848 721 1865; x_wconf 96' lang='lat'>,</span> <span class='ocrx_word' id='word_1_283' title='bbox 764 1818 889 1873; x_wconf 86' lang='lat' dir='ltr'><strong>spatio</strong></span> <span class='ocrx_word' id='word_1_284' title='bbox 917 1817 1062 1857; x_wconf 88' lang='lat' dir='ltr'><strong>scilicet</strong></span> <span class='ocrx_word' id='word_1_285' title='bbox 1099 1816 1257 1856; x_wconf 89' lang='lat' dir='ltr'><strong>dierum</strong></span> <span class='ocrx_word' id='word_1_286' title='bbox 1288 1816 1520 1869; x_wconf 86' lang='lat' dir='ltr'><strong>quindecim</strong></span> <span class='ocrx_word' id='word_1_287' title='bbox 1548 1829 1642 1856; x_wconf 87' lang='lat' dir='ltr'><strong>cum</strong></span> <span class='ocrx_word' id='word_1_288' title='bbox 1669 1817 1818 1857; x_wconf 76' lang='lat' dir='ltr'><strong>semisse</strong></span> <span class='ocrx_word' id='word_1_289' title='bbox 1836 1847 1847 1864; x_wconf 92' lang='lat'>,</span> <span class='ocrx_word' id='word_1_290' title='bbox 1895 1817 1967 1858; x_wconf 90' lang='lat' dir='ltr'><strong>de-</strong></span> 
     </span>
     <span class='ocr_line' id='line_1_32' title="bbox 424 1869 1965 1925; baseline -0.001 -13"><span class='ocrx_word' id='word_1_291' title='bbox 424 1872 572 1925; x_wconf 76' lang='lat' dir='ltr'><strong>scripsit</strong></span> <span class='ocrx_word' id='word_1_292' title='bbox 608 1873 752 1925; x_wconf 87' lang='lat' dir='ltr'><strong>gradus</strong></span> <span class='ocrx_word' id='word_1_293' title='bbox 788 1882 940 1913; x_wconf 88' lang='lat' dir='ltr'><strong>tantum</strong></span> <span class='ocrx_word' id='word_1_294' title='bbox 976 1885 1061 1921; x_wconf 72' lang='lat'><strong>40³</strong></span> <span class='ocrx_word' id='word_1_295' title='bbox 1099 1869 1233 1923; x_wconf 87' lang='lat' dir='ltr'><strong>postea</strong></span> <span class='ocrx_word' id='word_1_296' title='bbox 1267 1883 1365 1910; x_wconf 90' lang='lat' dir='ltr'><strong>vero</strong></span> <span class='ocrx_word' id='word_1_297' title='bbox 1400 1881 1514 1910; x_wconf 86' lang='lat' dir='ltr'><strong>motu</strong></span> <span class='ocrx_word' id='word_1_298' title='bbox 1541 1870 1687 1910; x_wconf 82' lang='lat' dir='ltr'><strong>iterum</strong></span> <span class='ocrx_word' id='word_1_299' title='bbox 1716 1872 1965 1919; x_wconf 81' lang='lat' dir='ltr'><strong>accelerato,</strong></span> 
     </span>
     <span class='ocr_line' id='line_1_33' title="bbox 424 1923 1965 1980; baseline 0 -14"><span class='ocrx_word' id='word_1_300' title='bbox 424 1926 627 1980; x_wconf 74' lang='lat' dir='ltr'><strong>descripsit</strong></span> <span class='ocrx_word' id='word_1_301' title='bbox 663 1927 806 1980; x_wconf 86' lang='lat' dir='ltr'><strong>gradus</strong></span> <span class='ocrx_word' id='word_1_302' title='bbox 844 1926 929 1966; x_wconf 90' lang='lat' dir='ltr'><strong>fere</strong></span> <span class='ocrx_word' id='word_1_303' title='bbox 966 1926 1144 1980; x_wconf 89' lang='lat' dir='ltr'><strong>quinque</strong></span> <span class='ocrx_word' id='word_1_304' title='bbox 1183 1924 1339 1977; x_wconf 75' lang='lat' dir='ltr'><strong>singulis</strong></span> <span class='ocrx_word' id='word_1_305' title='bbox 1373 1923 1544 1971; x_wconf 86' lang='lat' dir='ltr'><strong>diebus,</strong></span> <span class='ocrx_word' id='word_1_306' title='bbox 1589 1934 1800 1978; x_wconf 86' lang='lat' dir='ltr'><strong>antequam</strong></span> <span class='ocrx_word' id='word_1_307' title='bbox 1832 1936 1965 1966; x_wconf 87' lang='lat' dir='ltr'><strong>motus</strong></span> 
     </span>
     <span class='ocr_line' id='line_1_34' title="bbox 424 1978 1962 2033; baseline -0.001 -12"><span class='ocrx_word' id='word_1_308' title='bbox 424 1980 570 2021; x_wconf 82' lang='lat' dir='ltr'><strong>iterum</strong></span> <span class='ocrx_word' id='word_1_309' title='bbox 607 1981 798 2021; x_wconf 85' lang='lat' dir='ltr'><strong>retardari</strong></span> <span class='ocrx_word' id='word_1_310' title='bbox 835 1981 975 2032; x_wconf 75' lang='lat' dir='ltr'><strong>coepit.</strong></span> <span class='ocrx_word' id='word_1_311' title='bbox 1043 1979 1096 2020; x_wconf 78' lang='lat' dir='ltr'><strong>Et</strong></span> <span class='ocrx_word' id='word_1_312' title='bbox 1128 1978 1309 2022; x_wconf 84' lang='lat' dir='ltr'><strong>Theoria</strong></span> <span class='ocrx_word' id='word_1_313' title='bbox 1344 1990 1435 2032; x_wconf 86' lang='lat' dir='ltr'><strong>quae</strong></span> <span class='ocrx_word' id='word_1_314' title='bbox 1471 1979 1601 2019; x_wconf 90' lang='lat' dir='ltr'><strong>motui</strong></span> <span class='ocrx_word' id='word_1_315' title='bbox 1628 1989 1710 2019; x_wconf 84' lang='lat' dir='ltr'><strong>tam</strong></span> <span class='ocrx_word' id='word_1_316' title='bbox 1737 1979 1962 2033; x_wconf 78' lang='lat' dir='ltr'><strong>inaequabili</strong></span> 
     </span>
     <span class='ocr_line' id='line_1_35' title="bbox 368 2032 2022 2088; baseline -0.001 -13"><span class='ocrx_word' id='word_1_317' title='bbox 368 2061 372 2064; x_wconf 91' lang='lat'><em>-</em></span> <span class='ocrx_word' id='word_1_318' title='bbox 424 2047 497 2088; x_wconf 87' lang='lat' dir='ltr'><strong>per</strong></span> <span class='ocrx_word' id='word_1_319' title='bbox 526 2035 738 2078; x_wconf 81' lang='lat' dir='ltr'><strong>maximam</strong></span> <span class='ocrx_word' id='word_1_320' title='bbox 770 2035 865 2075; x_wconf 87' lang='lat' dir='ltr'><strong>coeli</strong></span> <span class='ocrx_word' id='word_1_321' title='bbox 893 2044 1044 2087; x_wconf 83' lang='lat' dir='ltr'><strong>partem</strong></span> <span class='ocrx_word' id='word_1_322' title='bbox 1073 2032 1199 2084; x_wconf 83' lang='lat' dir='ltr'><strong>probe</strong></span> <span class='ocrx_word' id='word_1_323' title='bbox 1226 2032 1441 2086; x_wconf 86' lang='lat' dir='ltr'><strong>respondet</strong></span> <span class='ocrx_word' id='word_1_324' title='bbox 1460 2061 1472 2079; x_wconf 93' lang='lat'>‚</span> <span class='ocrx_word' id='word_1_325' title='bbox 1509 2045 1681 2087; x_wconf 83' lang='lat' dir='ltr'><strong>quaeque</strong></span> <span class='ocrx_word' id='word_1_326' title='bbox 1707 2034 1863 2079; x_wconf 83' lang='lat' dir='ltr'><strong>easdem</strong></span> <span class='ocrx_word' id='word_1_327' title='bbox 1892 2034 1963 2074; x_wconf 87' lang='lat' dir='ltr'><strong>ob·</strong></span> <span class='ocrx_word' id='word_1_328' title='bbox 2018 2080 2022 2081; x_wconf 16' lang='lat'><em>⁷</em></span> 
     </span>
     <span class='ocr_line' id='line_1_36' title="bbox 422 2086 1965 2142; baseline 0 -14"><span class='ocrx_word' id='word_1_329' title='bbox 422 2089 548 2129; x_wconf 84' lang='lat' dir='ltr'><strong>servat</strong></span> <span class='ocrx_word' id='word_1_330' title='bbox 581 2091 687 2142; x_wconf 88' lang='lat' dir='ltr'><strong>leges</strong></span> <span class='ocrx_word' id='word_1_331' title='bbox 715 2101 808 2130; x_wconf 84' lang='lat' dir='ltr'><strong>curn</strong></span> <span class='ocrx_word' id='word_1_332' title='bbox 835 2088 1015 2129; x_wconf 83' lang='lat' dir='ltr'><strong>Theoria</strong></span> <span class='ocrx_word' id='word_1_333' title='bbox 1042 2087 1294 2128; x_wconf 76' lang='lat' dir='ltr'><strong>planetarum</strong></span> <span class='ocrx_word' id='word_1_334' title='bbox 1313 2116 1324 2134; x_wconf 92' lang='lat'>,</span> <span class='ocrx_word' id='word_1_335' title='bbox 1371 2086 1413 2126; x_wconf 73' lang='grc' dir='ltr'><strong>δε</strong></span> <span class='ocrx_word' id='word_1_336' title='bbox 1443 2099 1536 2127; x_wconf 88' lang='lat' dir='ltr'><strong>cum</strong></span> <span class='ocrx_word' id='word_1_337' title='bbox 1563 2088 1755 2128; x_wconf 81' lang='lat' dir='ltr'><strong>accuratis</strong></span> <span class='ocrx_word' id='word_1_338' title='bbox 1779 2089 1965 2129; x_wconf 55' lang='lat' dir='ltr'><strong>observa*-</strong></span> 
     </span>
     <span class='ocr_line' id='line_1_37' title="bbox 423 2141 1961 2194; baseline 0.001 -13"><span class='ocrx_word' id='word_1_339' title='bbox 423 2143 597 2183; x_wconf 86' lang='lat' dir='ltr'><strong>tionibus</strong></span> <span class='ocrx_word' id='word_1_340' title='bbox 625 2143 918 2184; x_wconf 87' lang='lat' dir='ltr'><strong>Astronomicis</strong></span> <span class='ocrx_word' id='word_1_341' title='bbox 950 2153 1135 2184; x_wconf 85' lang='lat' dir='ltr'><strong>accurate</strong></span> <span class='ocrx_word' id='word_1_342' title='bbox 1153 2141 1369 2194; x_wconf 83' lang='lat' dir='ltr'><strong>congruit,</strong></span> <span class='ocrx_word' id='word_1_343' title='bbox 1399 2153 1482 2181; x_wconf 92' lang='lat' dir='ltr'><strong>non</strong></span> <span class='ocrx_word' id='word_1_344' title='bbox 1506 2141 1636 2193; x_wconf 90' lang='lat' dir='ltr'><strong>potest</strong></span> <span class='ocrx_word' id='word_1_345' title='bbox 1657 2154 1739 2181; x_wconf 90' lang='lat' dir='ltr'><strong>non</strong></span> <span class='ocrx_word' id='word_1_346' title='bbox 1762 2142 1838 2183; x_wconf 83' lang='lat' dir='ltr'><strong>effe</strong></span> <span class='ocrx_word' id='word_1_347' title='bbox 1859 2156 1961 2183; x_wconf 86' lang='lat' dir='ltr'><strong>vera.</strong></span> 
     </span>
     <span class='ocr_line' id='line_1_38' title="bbox 421 2195 1963 2247; baseline -0.001 -11"><span class='ocrx_word' id='word_1_348' title='bbox 421 2197 594 2236; x_wconf 85' lang='lat' dir='ltr'><strong>Cometa</strong></span> <span class='ocrx_word' id='word_1_349' title='bbox 644 2207 774 2238; x_wconf 86' lang='lat' dir='ltr'><strong>tamen</strong></span> <span class='ocrx_word' id='word_1_350' title='bbox 812 2197 880 2237; x_wconf 90' lang='lat' dir='ltr'><strong>sub</strong></span> <span class='ocrx_word' id='word_1_351' title='bbox 918 2196 1040 2238; x_wconf 84' lang='lat' dir='ltr'><strong>finem</strong></span> <span class='ocrx_word' id='word_1_352' title='bbox 1077 2207 1210 2239; x_wconf 84' lang='lat' dir='ltr'><strong>motus</strong></span> <span class='ocrx_word' id='word_1_353' title='bbox 1257 2195 1441 2235; x_wconf 84' lang='lat' dir='ltr'><strong>deviabat</strong></span> <span class='ocrx_word' id='word_1_354' title='bbox 1481 2195 1766 2247; x_wconf 79' lang='lat' dir='ltr'><strong>aliquantulum</strong></span> <span class='ocrx_word' id='word_1_355' title='bbox 1805 2196 1852 2237; x_wconf 90' lang='lat' dir='ltr'><strong>ab</strong></span> <span class='ocrx_word' id='word_1_356' title='bbox 1891 2197 1963 2237; x_wconf 79' lang='lat' dir='ltr'><strong>hac</strong></span> 
     </span>
     <span class='ocr_line' id='line_1_39' title="bbox 423 2249 1963 2302; baseline -0.001 -12"><span class='ocrx_word' id='word_1_357' title='bbox 423 2249 468 2290; x_wconf 94' lang='lat' dir='ltr'>T</span> <span class='ocrx_word' id='word_1_358' title='bbox 470 2250 673 2302; x_wconf 68' lang='lat' dir='ltr'><strong>rajectoria</strong></span> <span class='ocrx_word' id='word_1_359' title='bbox 703 2250 929 2291; x_wconf 84' lang='lat' dir='ltr'><strong>Parabolica</strong></span> <span class='ocrx_word' id='word_1_360' title='bbox 957 2251 1088 2292; x_wconf 87' lang='lat' dir='ltr'><strong>versus</strong></span> <span class='ocrx_word' id='word_1_361' title='bbox 1113 2263 1231 2292; x_wconf 69' lang='lat' dir='ltr'><strong>⁴axem</strong></span> <span class='ocrx_word' id='word_1_362' title='bbox 1263 2249 1488 2296; x_wconf 77' lang='lat' dir='ltr'><strong>Parabolae‚</strong></span> <span class='ocrx_word' id='word_1_363' title='bbox 1518 2259 1563 2289; x_wconf 90' lang='lat' dir='ltr'><strong>ut</strong></span> <span class='ocrx_word' id='word_1_364' title='bbox 1591 2263 1642 2291; x_wconf 79' lang='lat' dir='ltr'><strong>ex</strong></span> <span class='ocrx_word' id='word_1_365' title='bbox 1662 2251 1863 2291; x_wconf 85' lang='lat' dir='ltr'><strong>erroribus</strong></span> <span class='ocrx_word' id='word_1_366' title='bbox 1890 2250 1963 2290; x_wconf 91' lang='lat' dir='ltr'><strong>mi-</strong></span> 
     </span>
     <span class='ocr_line' id='line_1_40' title="bbox 425 2303 1963 2357; baseline -0.001 -13"><span class='ocrx_word' id='word_1_367' title='bbox 425 2305 513 2345; x_wconf 90' lang='lat' dir='ltr'><strong>nuti</strong></span> <span class='ocrx_word' id='word_1_368' title='bbox 550 2305 664 2345; x_wconf 85' lang='lat' dir='ltr'><strong>unius</strong></span> <span class='ocrx_word' id='word_1_369' title='bbox 702 2306 819 2357; x_wconf 85' lang='lat' dir='ltr'><strong>primi</strong></span> <span class='ocrx_word' id='word_1_370' title='bbox 857 2304 1082 2346; x_wconf 85' lang='lat' dir='ltr'><strong>duorumve</strong></span> <span class='ocrx_word' id='word_1_371' title='bbox 1119 2305 1159 2345; x_wconf 91' lang='lat' dir='ltr'><strong>in</strong></span> <span class='ocrx_word' id='word_1_372' title='bbox 1197 2303 1451 2344; x_wconf 86' lang='lat' dir='ltr'><strong>latitudinem</strong></span> <span class='ocrx_word' id='word_1_373' title='bbox 1491 2304 1625 2345; x_wconf 86' lang='lat' dir='ltr'><strong>mense</strong></span> <span class='ocrx_word' id='word_1_374' title='bbox 1667 2304 1884 2345; x_wconf 72' lang='lat' dir='ltr'><strong>Februario</strong></span> <span class='ocrx_word' id='word_1_375' title='bbox 1922 2304 1963 2343; x_wconf 71' lang='grc' dir='ltr'><strong>δε</strong></span> 
     </span>
     <span class='ocr_line' id='line_1_41' title="bbox 424 2357 1965 2452; baseline -0.008 -51"><span class='ocrx_word' id='word_1_376' title='bbox 424 2360 581 2401; x_wconf 69' lang='lat' dir='ltr'><strong>Martio</strong></span> <span class='ocrx_word' id='word_1_377' title='bbox 607 2358 943 2414; x_wconf 85' lang='lat' dir='ltr'><strong>conspirantibus,</strong></span> <span class='ocrx_word' id='word_1_378' title='bbox 971 2360 1160 2414; x_wconf 78' lang='lat' dir='ltr'><strong>colligere</strong></span> <span class='ocrx_word' id='word_1_379' title='bbox 1190 2358 1350 2406; x_wconf 62' lang='lat' dir='ltr'><strong>videon</strong></span> <span class='ocrx_word' id='word_1_380' title='bbox 1382 2358 1420 2399; x_wconf 85' lang='lat'>&amp;</span> <span class='ocrx_word' id='word_1_381' title='bbox 1452 2368 1665 2413; x_wconf 88' lang='lat' dir='ltr'><strong>propterea</strong></span> <span class='ocrx_word' id='word_1_382' title='bbox 1693 2359 1735 2401; x_wconf 89' lang='lat' dir='ltr'><strong>in</strong></span> <span class='ocrx_word' id='word_1_383' title='bbox 1763 2358 1873 2452; x_wconf 51' lang='lat' dir='ltr'><strong>Uspe</strong></span> <span class='ocrx_word' id='word_1_384' title='bbox 1897 2357 1965 2419; x_wconf 69' lang='lat' dir='ltr'><strong>El-</strong></span> 
     </span>
     <span class='ocr_line' id='line_1_42' title="bbox 1187 2423 1965 2465; baseline 0.003 -14"><span class='ocrx_word' id='word_1_385' title='bbox 1187 2440 1190 2442; x_wconf 34' lang='lat'><strong>.</strong></span> <span class='ocrx_word' id='word_1_386' title='bbox 1839 2423 1965 2465; x_wconf 79' lang='lat' dir='ltr'><strong>iptico</strong></span> 
     </span>
    </p>
   </div>
  </div>
 </body>
</html>
