2079 3033
520 115 883 188 tPR'thtm’A
912 142 1464 189 MATHEMATICA.
1688 163 1761 203 291
1789 141 1794 146 '

198 227 423 286 {plusquam
443 230 654 284 duplicata.
682 271 686 275 ,
711 230 805 283 Ejus
829 231 885 271 rei
905 229 1061 273 causam
1089 233 1383 287 investigando,
1409 234 1451 274 in
1475 233 1578 275 hanc
1611 234 1755 285 incidi,
1775 245 1914 283 Lmen

216 285 330 339 quod
358 286 463 326 Arca
497 287 611 326 nimis
637 285 795 338 angusta
824 284 921 325 effer
948 299 1022 339 pro
1052 289 1327 342 magnitudine
1350 287 1474 329 Globi
1494 289 1679 343 penduli,
1709 288 1937 332 &SECUNDUS-

196 350 371 381 :motum
399 352 511 393 aquae
537 340 715 381 cedentis
741 352 822 393 prae
850 340 1025 393 angustia
1052 342 1115 382 sua
1142 343 1260 384 nimis
1278 342 1533 397 impediebat.
1588 344 1694 386 Nam
1723 347 1752 387 fi

212 393 369 435 Globus
389 394 605 446 pendulus,
634 395 744 446 cujus
764 394 960 435 diameter
987 407 1071 436 erat
1103 396 1220 450 digiti
1248 398 1386 445 unius,
1412 398 1745 452 immergeretur3
1786 428 1796 432 s

184 448 428 501 &resistentia
451 448 666 501 augebatur
693 449 734 489 in
764 448 961 501 duplicata
990 452 1144 491 ratione
1173 453 1393 492 velocitatis
1426 455 1745 507 quamproxime,

198 503 250 544 Id
289 502 488 543 tentabam
525 502 795 543 construendo
824 503 1046 555 pendulum
1074 519 1125 546 ex
1153 504 1297 546 Globis
1326 506 1483 548 duobus
1503 537 1513 554 ‚
1566 521 1741 562 quorum

203 557 371 599 inferior
401 556 440 595 &
471 556 603 597 minor
630 556 874 598 oscillaretur
903 557 943 597 in
972 572 1095 614 aqua,
1122 560 1300 614 superior
1329 560 1371 601 δε
1404 561 1529 611 maior
1558 564 1742 615 proxime

190 612 311 664 ‘supra
330 622 471 663 aquam
490 609 559 649 filo
578 609 722 651 affixus
743 611 860 657 effer,
890 611 931 650 &
951 613 992 652 in
1018 615 1129 654 Aere
1154 615 1390 663 oscillando,
1418 617 1620 668 adjuvaret
1650 631 1740 659 mo-

179 674 282 705 '·tum
318 663 483 716 penduli
517 676 693 717 eumque
730 665 1028 705 diuturniorem
1063 667 1266 708 redderet.
1333 670 1623 724 Experimenta
1668 686 1736 713 au-

191 717 391 815 }embboc
426 717 553 758 modo
587 719 763 761 instituta
799 720 840 761 se
876 718 1072 761 habebant
1112 731 1157 762 ut
1193 722 1234 762 in
1260 721 1417 764 Tabula
1444 725 1635 779 sequente
1664 727 1736 769 dee

107 794 109 796 ·
177 805 184 809 a
208 786 265 815 erl
294 782 386 814 itur,
1428 790 1431 793 *

233 884 375 925 *Arcus
395 882 569 937 descenfic
577 884 708 938 primo
726 881 942 937 descriptus
987 887 1036 923 16
1122 882 1142 924 8
1224 899 1253 935 4
1275 888 1281 894 ’
1548 921 1561 934 „
1652 926 1664 942 4

238 941 373 979 Arcus
390 941 543 991 ast'enfit
562 940 697 978 ultimo
715 939 932 991 descriptus
987 951 1032 976 12
1119 943 1146 977 6
1229 952 1247 986 3
1336 943 1374 986 1}-
1433 945 1452 993 ξ
1537 946 1567 991 ξ
1650 950 1675 990 ᾗ

224 994 415 1033 «Ανι-ἰιηνκ
432 993 517 1046 dzff
533 995 654 1033 motui
670 994 796 1043 amtffo
808 1000 983 1046 proport.
1011 1007 1037 1044 4
1120 1007 1145 1031 2
1230 1005 1248 1030 1
1545 1003 1553 1014 ¹
1661 1002 1670 1013 ¹

232 1047 436 1088 Numerus
453 1048 750 1099 Oscillationum
989 1062 991 1067 ’
1011 1053 1053 1095 3}-
1114 1052 1174 1105 6ζῆι
1220 1060 1287 1094 ης

1331 1016 1349 1022 ·-·
1437 1016 1455 1025 -ι

1333 1030 1343 1040 2
1435 1031 1447 1047 4
1543 1029 1553 1045 8
1648 1030 1672 1044 ιε

1281 1051 1292 1094 Ξ
1320 1054 1389 1100 21?
1423 1061 1474 1100 34
1532 1064 1579 1104 53
1609 1054 1678 1107 62}

175 1205 177 1208 y
218 1150 497 1194 conferendo
523 1154 757 1195 refistentias
784 1153 1033 1196 Mediorum,
1050 1155 1154 1195 inter
1181 1155 1243 1202 se,
1269 1154 1387 1196 effeci
1407 1157 1528 1200 etiam
1544 1169 1716 1215 ut·pen..

168 1205 269 1247 ›dula
287 1207 417 1248 ferrea
435 1209 706 1250 oscillarentur
725 1211 767 1250 in
787 1221 955 1262 argento
973 1210 1079 1251 vivo.
1135 1209 1377 1263 Longitudo
1403 1211 1458 1251 fili
1485 1214 1604 1255 ferrei
1631 1227 1716 1258 erat

171 1260 325 1315 pedum
352 1262 459 1315 quasi
486 1263 629 1310 trium,
658 1264 700 1303 δε
728 1263 924 1304 diameter
950 1262 1076 1304 Globi
1104 1264 1270 1315 penduli
1289 1264 1397 1319 quasi
1417 1268 1533 1308 tertia
1550 1281 1638 1322 pars
1657 1271 1718 1312 di-

165 1315 255 1368 giti,
313 1316 382 1356 Ad
409 1316 521 1356 filum
551 1328 686 1357 autem
716 1318 901 1371 proxime
924 1318 1039 1370 supra
1066 1318 1490 1362 Mercurium-affixus
1508 1333 1592 1363 erat
1611 1324 1716 1366 Glo-

171 1369 244 1415 bus
273 1370 368 1411 alius
395 1370 609 1424 plumbeus
636 1371 722 1411 satis
751 1380 916 1424 magnus
945 1371 995 1411 ad
1022 1383 1180 1412 motum
1209 1374 1373 1424 penduli
1403 1373 1553 1417 diutius
1578 1381 1710 1420 conti-

157 1425 386 1465 mandam.
441 1423 557 1466 Tum
585 1424 810 1472 vasculum,
840 1424 953 1478 quod
982 1425 1161 1477 capiebat
1178 1427 1285 1478 quafi
1301 1427 1417 1467 libras
1446 1439 1525 1470 tres
1554 1434 1709 1484 argent-'i

169 1479 272 1525 vivi,
298 1479 513 1532 implebam
542 1478 695 1519 vicibus
721 1479 880 1519 alternis
907 1489 1077 1532 argento
1103 1479 1197 1519 vivo
1217 1479 1258 1519 δε
1283 1493 1384 1532 aqua
1400 1487 1630 1531 communi,
1658 1497 1705 1528 ut

165 1532 346 1586 pendulo
363 1533 403 1574 in
423 1533 569 1574 Fluido
585 1542 761 1586 utroque
780 1534 994 1574 succeffive
1025 1533 1251 1580 oscillante‚
1282 1533 1505 1577 invenirem
1535 1550 1706 1590 propor-

162 1587 319 1627 tionem
343 1586 671 1627 refistentiarum:
704 1586 746 1625 ἃ.
777 1586 929 1638 prodiit
956 1587 1170 1626 resistentia
1189 1588 1342 1639 argenti
1362 1590 1442 1629 vivi
1461 1591 1510 1630 ad
1529 1592 1707 1635 refisten-

162 1641 259 1680 tiam
284 1653 418 1693 aquae,
449 1649 492 1679 ut
524 1653 566 1686 13
598 1640 662 1679 vel
693 1652 741 1689 14
766 1640 865 1687 ads
899 1639 1079 1679 circiter:
1109 1639 1151 1679 id
1181 1640 1257 1686 est,
1287 1651 1329 1680 ut
1349 1642 1516 1685 denfitas
1545 1648 1701 1700 argenti

159 1694 238 1735 vivi
264 1693 314 1734 ad
347 1692 580 1734 densitatem
608 1705 734 1747 aquae.
793 1691 873 1732 Ubi
900 1691 1082 1733 Globum
1102 1692 1330 1747 pendulum
1358 1698 1474 1747 paulo
1503 1701 1694 1752 majorem

100 1773 104 1781 ι
156 1747 425 1795 adhibebam,
470 1757 567 1803 puta
603 1747 714 1800 cujus
752 1747 946 1788 diameter
984 1746 1080 1787 effet
1118 1748 1226 1802 quasi
1264 1753 1282 1795 ξ
1317 1750 1377 1789 vel
1413 1756 1431 1803 ζ-
1466 1762 1594 1805 partes
1634 1757 1695 1798 di-

153 1803 229 1858 giti
248 1833 260 1850 ,
286 1802 473 1856 prodibat
503 1802 717 1843 refistentia
746 1802 900 1855 argenti
928 1802 1006 1843 vivi
1032 1802 1073 1842 in
1102 1816 1147 1842 ea
1176 1803 1331 1843 ratione
1360 1804 1409 1844 ad
1438 1807 1696 1854 resistentiam

153 1870 268 1911 aquae
297 1870 417 1911 quam
442 1857 565 1897 habet
592 1869 781 1897 numerus
815 1870 862 1895 12
891 1857 955 1896 vel
986 1869 1034 1896 10
1062 1856 1112 1896 ad
1146 1870 1163 1895 1
1195 1857 1367 1910 circiter=
1414 1860 1503 1901 Sed
1534 1866 1690 1917 experi-

152 1921 294 1953 mento
322 1911 446 1964 priori
473 1912 597 1965 magis
624 1911 834 1958 fidendum
864 1910 947 1957 est,
986 1920 1204 1964 ‘propterea
1241 1912 1353 1965 quod
1388 1913 1430 1954 in
1455 1915 1514 1956 his
1543 1919 1692 1961 ultimis

151 1964 237 2007 Vas
273 1965 388 2005 nimis
425 1967 630 2018 angustum
665 1965 743 2006 fuit
779 1978 855 2019 pro
883 1965 1159 2017 magnitudine
1188 1965 1313 2007 Globi
1343 1967 1529 2010 immerfi.
1587 1973 1691 2014 Ama

151 2019 276 2073 pliato
304 2017 442 2060 Globo
461 2048 472 2066 ,
498 2020 663 2060 deberet
689 2021 810 2062 etiam
837 2018 920 2061 Vas
948 2020 1136 2073 ampliari.
1193 2020 1492 2064 Constitueram
1520 2025 1688 2079 quidem

151 2072 379 2126 hujusmodi
417 2074 689 2127 experimenta
722 2075 764 2115 in
802 2073 1144 2127 vafis‘majoribus
1183 2076 1226 2115 &
1261 2076 1302 2116 in
1338 2076 1557 2131 liquoribus
1597 2091 1686 2123 turn

153 2127 418 2172 Metallorum
444 2127 643 2177 susorum,
671 2139 756 2170 tum
777 2128 862 2168 valiis
889 2128 1124 2181 quibusdam
1152 2140 1234 2170 tam
1263 2131 1398 2172 calidis
1424 2146 1545 2187 quam
1573 2133 1685 2189 frigi-

153 2182 213 2223 dis
241 2191 457 2235 repetere:
485 2183 557 2223 sed*
580 2184 713 2224 omnia
741 2181 915 2236 experiri
942 2195 1024 2223 non
1050 2195 1185 2231 vacat,
1225 2184 1266 2223 <Sc
1295 2199 1345 2227 ex
1370 2186 1450 2239 jam
1479 2188 1685 2241 descriptis

152 2237 240 2278 satis
267 2238 393 2290 liquet
419 2236 674 2278 resistentiam
699 2249 918 2292 corporum
946 2238 1128 2279 celeriter
1154 2248 1360 2282 motorum
1378 2241 1562 2284 denfitati
1580 2243 1684 2286 Flui-

151 2290 298 2332 dorum
317 2291 358 2331 in
376 2291 754 2345 quibus'moventur
772 2289 1114 2344 proportionalem
1133 2292 1210 2334 effe
1228 2306 1349 2348 quam
1369 2297 1564 2348 proxime.

201 2345 299 2389 Non
315 2345 413 2388 dieo
431 2356 627 2388 accurate.
654 2347 760 2390 Nam
776 2345 918 2443 Fluidg
935 2347 1158 2398 tenaciora,
1184 2349 1268 2403 pari
1289 2350 1504 2403 densitate,
1519 2352 1679 2446 procgil—

878 2442 881 2448 .
936 2411 962 2450 02
989 2413 1017 2453 {a
1555 2405 1610 2448 du
1639 2405 1681 2447 io
