2079 3033
865 147 1394 196 EDITORTS‘

359 240 431 281 nisi
474 251 559 293 pei·>
591 236 703 278 hanc„
737 235 938 290 Regulam
985 234 1036 275 de
1083 246 1219 275 rerum
1261 231 1530 274 universarum
1569 239 1706 285 natura
1740 233 1907 288 judicas

363 307 462 335 mus.

414 348 502 401 jam
533 360 626 388 cum
654 344 804 386 Gravia
833 341 906 383 fint
932 342 1065 384 omnia
1093 355 1284 396 corpora,
1312 353 1403 395 quae
1429 339 1535 394 apud
1560 340 1734 383 Terram
1764 344 1828 385 vel
1855 342 1913 382 in-

366 403 495 443 Coeiis
522 400 802 455 reperiuntur,
847 396 900 438 de
929 398 1071 451 quibus
1097 396 1386 450 Experimenta
1414 396 1479 436 vel
1506 395 1815 437 Observationes
1837 397 1898 437 in-

367 456 528 497 stituere
554 457 669 499 licet;
700 452 867 493 omnino
892 451 1109 493 dicendum
1141 451 1216 491 erit
1241 480 1252 498 ‚
1278 449 1530 491 Gravitatem
1557 449 1792 503 corporibus
1817 451 1902 490 uni-

369 511 487 552 versis
505 518 748 560 competere.
803 505 856 546 Et
883 505 1231 560 quemadmodum
1257 505 1364 546 nulia
1391 504 1551 558 concipi
1580 505 1729 545 debent
1758 516 1915 556 corpo-—

371 579 413 606 ra
431 594 442 611 ,
480 574 569 616 quae
598 575 681 602 non
708 561 781 602 fint
807 559 981 600 Extensa
1004 590 1013 605 ‚
1056 558 1225 600 Mobilia
1244 587 1257 606 ,
1285 559 1326 599 δι
1354 557 1690 611 Impenetrabilia3
1719 560 1774 599 ita
1801 557 1905 598 nulla

370 617 530 670 concipi
556 616 705 656 debere
722 645 734 662 ,
762 627 853 669 quae
881 627 965 654 non
992 613 1064 654 sint
1090 612 1252 654 Gravia.
1309 612 1542 666 Corporum
1568 611 1781 660 Extens10‚
1811 611 1907 652 Mo-

371 672 520 718 bilitas,
550 670 591 711 &
619 668 972 723 Impenetrabilitas
1000 680 1083 708 non
1111 666 1181 708 nisi
1209 680 1283 720 per
1317 667 1604 719 Experimenta
1631 667 1908 708 innotescunt:

372 725 519 766 eodem
539 725 654 778 plane
675 723 800 764 modo
819 721 1005 763 Gravitas
1032 721 1257 762 innotescit.
1314 721 1501 774 Corpora
1527 721 1660 762 omnia
1687 722 1740 762 de
1767 721 1911 775 quibus

374 780 682 820 Observationes
708 776 901 817 habemus
922 807 933 824 ,
970 775 1143 817 Extensa
1169 775 1258 816 sunt
1286 774 1327 816 &
1356 774 1528 816 Mobilia
1555 775 1598 815 δε
1626 775 1924 829 Impenetrabi--

375 834 443 875 lia:
475 833 515 873 &
536 831 632 872 inde
651 831 930 872 concludimus
950 843 1121 883 corpora
1140 830 1342 877 universa,
1370 830 1490 870 etiam
1510 829 1571 870 illa
1591 829 1643 870 de
1664 829 1806 883 quibus
1828 829 1922 869 Ob-

374 887 616 929 servationes
642 898 723 926 non
743 884 953 930 habemus,
986 883 1158 925 Extensa
1187 883 1265 925 esse
1292 884 1334 924 &
1361 883 1530 924 Mobilia
1563 883 1604 923 δε
1632 882 1916 936 impenetrabi-

375 942 437 982 lia.
494 940 550 981 Ita
577 952 746 993 corpora
773 939 908 980 omnia
932 937 1022 979 sunt
1049 938 1198 979 Gravia
1218 967 1230 986 ,
1261 937 1313 979 de
1342 937 1486 992 quibus
1513 936 1822 978 Observationes
1849 938 1929 978 har

376 995 543 1036 bemus:
584 994 624 1034 δε
651 994 746 1034 inde
772 992 1050 1034 concludimus
1077 1004 1250 1046 corpora
1274 991 1478 1041 universa,
1508 991 1628 1032 etiam
1658 992 1721 1032 illa
1750 992 1802 1033 de
1829 991 1919 1046 qui-

377 1050 450 1090 bus
480 1048 789 1090 Observationes
815 1060 897 1088 non
925 1047 1117 1088 habemus
1135 1075 1146 1095 ,
1175 1046 1325 1088 Gravia
1351 1045 1441 1087 efle.
1499 1044 1539 1086 Si
1571 1046 1659 1099 quis
1687 1046 1794 1086 dicat
1826 1058 1918 1086 cor-

377 1116 475 1156 pora
494 1103 703 1143 Stellarum
721 1100 980 1142 inerrantium
1001 1113 1084 1141 non
1103 1099 1180 1141 effe
1212 1099 1384 1147 Gravia,
1412 1099 1747 1154 quandoquidem
1774 1112 1917 1140 eorum

378 1156 563 1198 Gravitas
591 1155 773 1196 nondum
806 1154 862 1195 est
890 1155 1124 1199 observata3
1173 1154 1322 1195 eodem
1354 1163 1592 1207 argumento
1619 1153 1755 1195 dicere
1784 1154 1918 1195 licebit

376 1224 511 1265 neque
541 1209 714 1251 Extensa
742 1208 819 1251 esse
840 1238 851 1257 ,
895 1222 970 1250 nec
997 1207 1168 1249 Mobilia
1187 1237 1200 1255 ,
1242 1221 1318 1249 nec
1338 1206 1656 1262 impenetrabilia
1677 1241 1686 1255 ,
1734 1221 1828 1249 cum
1856 1208 1926 1249 hae.

377 1265 566 1306 Fixarum
584 1263 814 1305 affectiones
832 1263 1014 1304 nondum
1035 1262 1108 1303 sint
1126 1262 1354 1303 observatae.
1412 1261 1524 1317 Quid
1550 1274 1651 1316 opus
1680 1262 1736 1302 est
1764 1260 1917 1304 verbis?

379 1319 486 1361 Inter
507 1318 710 1372 primarias
728 1318 936 1371 qualitates
956 1329 1176 1370 corporum
1196 1316 1472 1357 universorum
1495 1318 1557 1356 vel
1586 1315 1772 1357 Gravitas
1799 1316 1918 1358 habe-

381 1373 439 1414 bit
458 1375 617 1418 locum;
649 1373 711 1413 vel
737 1370 1208 1419 ExtenfiQJMobilitas,
1237 1370 1278 1411 &
1311 1370 1664 1424 Impenetrabilitas
1693 1383 1775 1411 non
1802 1370 1921 1412 habe-

381 1427 494 1468 bunt.
551 1426 604 1467 Et
632 1436 771 1467 natura
796 1438 932 1467 rerum
964 1426 1026 1465 vel
1053 1424 1161 1465 reete
1190 1424 1453 1479 explicabitur
1481 1436 1555 1477 per
1571 1436 1789 1477 corporum
1817 1424 1922 1465 Gra-

382 1481 548 1521 vitatem
574 1514 583 1527 ‚
631 1481 693 1520 vel
720 1492 802 1519 non
832 1479 939 1520 re6te
964 1479 1223 1531 explicabitur
1259 1491 1330 1531 per
1359 1490 1577 1531 corporum
1603 1476 1892 1520 Extensionem
1911 1507 1942 1527 ,Α

382 1534 679 1580 Mobilitatem,
705 1533 745 1571 &
766 1531 1199 1586 Impenetrabilitatem.

438 1587 577 1629 Audio
611 1586 822 1627 nonnullos
847 1585 949 1624 hanc
977 1584 1204 1635 improbare
1232 1583 1531 1624 conclusionem
1550 1584 1648 1631 ‚.‘&
1677 1585 1729 1626 de
1756 1585 1923 1627 occultis

386 1641 638 1696 qualitatibus
664 1638 798 1679 nescio
836 1636 934 1689 quid
962 1634 1176 1675 mussitare.
1231 1635 1486 1676 Gravitatem
1519 1636 1669 1677 scilicet
1702 1637 1941 1680 Occultum-

387 1696 465 1738 effe
498 1693 595 1747 quid
616 1722 628 1739 ‚
672 1700 870 1745 perpetuo
895 1690 1067 1742 argutari
1094 1688 1219 1729 solent
1240 1710 1250 1736 ς
1299 1688 1476 1729 occultas
1501 1702 1599 1729 vero
1618 1690 1757 1732 *causas
1783 1693 1924 1745 procul

387 1749 464 1791 effe
490 1746 724 1800 ablegandas
751 1759 772 1785 a
798 1743 1062 1797 Philosophia.
1117 1743 1196 1783 His
1224 1753 1359 1783 autem
1385 1741 1500 1783 facile
1528 1743 1819 1797 respondetur;
1854 1760 1923 1795 oc..

391 1804 514 1844 cultas
544 1802 621 1842 ess'e
648 1799 778 1840 causas
795 1828 806 1847 ‚
840 1810 922 1838 non
946 1798 1027 1838 illas
1052 1796 1218 1851 quidem
1248 1809 1417 1851 quarum
1443 1796 1648 1838 existentia
1677 1811 1747 1853 per
1776 1799 1924 1842 Obser-

391 1858 570 1897 vationes
589 1852 797 1894 clarissime
815 1852 1131 1899 demonstratur,
1160 1851 1227 1892 sed
1248 1851 1315 1891 has
1336 1850 1460 1891 solum
1488 1864 1657 1904 quarum
1691 1855 1848 1895 occulta
1866 1855 1923 1896 est

396 1911 436 1951 ἃ
458 1909 544 1951 fieta
572 1908 777 1949 existentia
804 1906 986 1948 nondum
1022 1918 1121 1946 vero
1157 1904 1428 1958 comprobata.
1485 1905 1671 1947 Gravitas
1708 1921 1806 1962 ergo
1843 1916 1927 1950 noti

391 1965 467 2006 erit
495 1964 652 2004 occulta
679 1961 790 2002 causa
819 1970 1003 2001 motuum
1031 1959 1287 2005 coelestium;
1334 1958 1531 2012 siquidem
1566 1973 1618 2000 ex
1650 1961 1943 2004 Phaenomenisr

392 2017 590 2059 ostensum
615 2016 692 2061 est,
721 2016 821 2056 hanc
849 2017 1039 2055 virtutem
1069 2027 1209 2055 revera
1233 2012 1411 2054 existere.
1469 2012 1528 2056 Hi
1553 2015 1684 2066 potius
1712 2016 1761 2057 ad
1790 2016 1927 2058 occul-

394 2084 449 2112 tas
469 2071 709 2122 confugiunt
729 2068 880 2115 causas3
911 2069 981 2122 qui
998 2067 1131 2108 nescio
1158 2080 1259 2122 quos
1286 2067 1493 2115 vortices,
1522 2069 1705 2109 materiae.
1723 2070 1925 2123 cujusdam

394 2126 551 2179 prorsus
575 2123 723 2164 fistitiae
751 2123 792 2163 &
822 2122 994 2164 sensibus
1021 2122 1187 2163 omnino
1207 2122 1384 2175 ignotae,
1412 2122 1586 2163 motibus
1615 2123 1754 2165 iisdem
1783 2138 1927 2179 regen-

399 2181 458 2220 dis
479 2178 715 2231 praeficiunt.

452 2233 601 2272 ideone
638 2241 770 2271 autem
807 2228 992 2271 Gravitas
1028 2230 1186 2271 occulta
1211 2229 1322 2270 causa
1349 2229 1506 2270 dicetur
1534 2259 1545 2276 ,
1602 2243 1733 2285 eoque
1762 2233 1928 2275 nomine

399 2286 598 2339 rejicietur
627 2298 649 2325 e
677 2283 929 2336 Philosophia
947 2312 956 2330 ‚
1003 2284 1255 2338 quodvcausa
1295 2284 1410 2336 ipsius
1445 2283 1660 2325 Gravitatis
1690 2288 1845 2327 occulta
1873 2289 1930 2329 est

404 2342 444 2383 &
470 2340 650 2382 nondum
676 2339 858 2382 inventa?
889 2337 973 2390 Qui
1000 2340 1053 2381 sic
1080 2337 1275 2387 statuunt,
1304 2338 1463 2385 videant
1491 2338 1641 2393 nequid
1670 2339 1836 2382 statuant
1863 2341 1930 2381 ab·

1803 2395 1931 2441 surdi,
