2079 3033
424 169 776 217 PRINCIPIA
805 168 1362 212 MATHEMATICA.
1463 173 1475 185 ‘¹
1592 184 1661 223 179

108 260 330 304 denfiorem
358 256 490 298 versus
508 263 714 299 centrum,
742 252 804 292 vel
833 252 1032 292 subductae
1062 253 1286 306 relinquant
1309 251 1559 297 tenuiorem3
1600 251 1640 291 δε
1658 263 1797 295 [nan

108 319 169 359 hae
199 318 295 368 (per
322 313 442 366 Prop.
469 311 615 358 LXXV.)
635 306 793 347 trahent
814 305 992 358 Sphaeras
1011 307 1099 347 alias
1127 317 1390 361 quotcunque
1418 307 1647 346 concentri-
1661 306 1829 334 ramus.

110 385 173 413 cas
202 369 385 410 firnilares
416 363 526 409 GH,
554 362 653 408 JK,
682 360 804 406 LM,
835 362 913 401 &c
952 362 1112 414 fingulae
1142 362 1310 413 lingulas
1331 360 1350 407 ‚'
1369 360 1517 400 vitibus
1547 361 1648 400 reci-

108 438 231 480 proce
250 417 611 477 proportionalibus
631 416 829 471 quadrato
854 415 1046 456 distantiae
1065 417 1095 454 S
1102 417 1152 456 P.
1203 416 1255 456 Et
1275 415 1562 467 componendo
1582 416 1647 456 vel

110 478 354 524 dividendo,
380 476 529 516 summa
547 472 692 512 virium
717 471 871 510 illarum
902 471 1106 517 omnium,
1136 471 1197 509 vel
1226 468 1401 509 excessus
1428 469 1649 523 aliquarum

110 536 223 588 supra
250 533 339 573 alias
357 560 367 576 ,
394 530 472 569 hoc
500 526 556 567 est
578 556 590 572 ‚
616 526 672 564 vis
712 538 789 578 qua
815 524 975 575 Sphaem
1002 534 1086 565 tota
1113 538 1164 564 ex
1195 524 1462 564 concentricis
1490 523 1649 575 quibus-

112 597 272 639 cunque
299 585 362 624 vel
388 580 734 621 concentricarum
772 578 1007 619 differentiis
1033 578 1254 630 composita
1281 577 1371 617 AB
1392 605 1402 622 ‚
1440 578 1559 618 trahit
1586 587 1650 617 to-

113 653 194 682 tam
220 651 271 678 ex
305 633 571 678 concentricis
601 633 903 687 quibuscunque
939 634 1002 672 vel
1032 633 1383 672 concentriearum
1413 631 1648 672 differentiis

71 681 75 684 K
113 689 497 746 compofitamGH‚
531 688 606 729 erit
624 689 665 729 in
689 687 830 728 eadem
852 687 1018 727 ratione.
1078 689 1286 737 Augeatur
1308 700 1495 726 numerus
1517 686 1652 739 Sphae.

82 746 86 752 ’
113 761 244 789 rarum
272 745 619 788 concentricarum
647 743 689 783 in
717 741 916 782 infinitum
946 740 996 780 fic
1018 770 1029 787 ‚
1073 750 1117 778 ut
1154 740 1330 779 materiae
1365 740 1533 779 denfitas
1572 753 1650 780 una

114 816 206 846 cum
223 802 263 842 vi
281 801 506 845 attractiva,
533 799 574 839 in
594 796 800 851 progressu
823 810 842 835 a
862 793 1184 835 circumferentia
1213 793 1262 832 ad
1279 803 1486 840 centrum,
1513 794 1652 834 secun-

115 856 214 899 dum
230 856 389 911 Legem
416 865 697 909 quamcunque
725 850 877 892 crescat
895 850 959 890 vel
983 848 1207 889 decrescat:
1239 847 1305 895 ἃ,
1332 846 1468 887 addita
1487 847 1652 888 materia

121 1556 204 1585 non
232 1541 436 1583 attraffiva
455 1571 467 1589 ‚
499 1542 747 1594 compleatur
765 1542 891 1582 ubivis
912 1542 1080 1583 denfitas
1117 1541 1307 1583 deficiens
1329 1572 1341 1590 ,
1378 1556 1429 1584 eo
1448 1553 1491 1585 ut
1521 1543 1658 1598 Sphae-

121 1611 176 1639 rae
207 1597 411 1650 acquirant
441 1596 612 1636 formam
641 1596 820 1647 quamvis
849 1606 1023 1645 optatam
1046 1612 1056 1638 ;
1103 1595 1144 1633 &
1164 1597 1220 1633 vis
1247 1610 1323 1648 qua
1349 1597 1486 1637 harum
1505 1613 1580 1640 una
1601 1600 1657 1640 at-

121 1652 251 1691 trahet
276 1652 439 1690 alteram
466 1650 540 1688 erit
567 1648 786 1696 etiamnum
814 1651 910 1700 (per
936 1658 1215 1700 argumentum
1234 1649 1433 1702 superius)
1455 1653 1496 1693 in
1516 1654 1658 1702 eadem

121 1705 183 1745 illa
202 1704 392 1744 distantiae
412 1702 614 1756 quadratae
639 1702 792 1741 ratione
810 1702 971 1742 inversa.
1021 1701 1074 1759 Q
1092 1701 1142 1741 E.
1162 1703 1224 1742 D.

177 1759 298 1800 Corol.
333 1772 364 1798 1.
412 1757 525 1798 Hinc
545 1755 572 1796 fi
590 1756 784 1809 ejusmodi
812 1756 984 1809 Sphaerae
1015 1758 1240 1810 complures
1262 1788 1272 1804 ‚
1308 1758 1375 1799 fibi
1396 1759 1567 1801 invicem
1590 1775 1659 1815 per

123 1813 256 1853 omnia
274 1812 414 1852 similes
437 1841 447 1858 ‚
474 1812 513 1850 se
542 1820 682 1851 mutuo
710 1810 890 1856 trahant;
922 1810 1177 1852 attractiones
1207 1814 1503 1854 acceleratrices
1533 1815 1662 1869 singu-

121 1869 251 1908 larum
289 1868 330 1906 in
369 1865 533 1920 singulas
571 1874 717 1911 erunt,
761 1865 801 1904 in
837 1866 1051 1919 aequalibus
1088 1866 1288 1920 quibusvis
1327 1878 1561 1914 centrorum
1599 1872 1660 1912 di-

103 1920 288 1967 fiamus,
318 1931 361 1960 ut
381 1920 554 1972 Sphaerae
572 1919 825 1959 attrahentes.

179 1975 301 2015 Corol.
330 1989 366 2012 2.
413 1974 537 2027 Inque
555 1972 744 2014 distantiis
766 1974 964 2028 quibusvis
982 1974 1260 2028 inaequalibus,
1289 1977 1518 2031 utSphaerae
1542 1988 1661 2020 attra-

125 2028 266 2069 hentes
285 2028 489 2081 applicatae
508 2027 557 2067 ad
578 2029 767 2080 quadrata
789 2028 1058 2069 distantiarum
1076 2032 1177 2070 intra
1197 2042 1345 2072 centra.

183 2082 305 2123 Corol.
340 2096 372 2129 3.
420 2081 689 2123 Attraetiones
710 2096 808 2123 vero
826 2083 1036 2131 moti·ice5‚
1065 2085 1128 2124 seu
1148 2085 1327 2137 pondera
1346 2085 1597 2140 Sphaerarum
1616 2089 1660 2129 in
1688 2119 1691 2122 -

129 2137 308 2190 Sphaeras
333 2147 448 2176 erunt
466 2165 477 2183 ,
515 2137 556 2176 in
590 2137 803 2189 aequalibus
831 2148 1063 2178 centrorum
1093 2138 1301 2187 distantiis,
1332 2153 1375 2181 ut
1402 2141 1577 2194 Sphaerae
1604 2153 1662 2183 at-

130 2190 331 2232 trahentes
361 2189 401 2230 &
431 2189 603 2230 attraciae
632 2191 898 2244 conjunctim,
927 2191 968 2232 id
998 2193 1073 2241 est,
1106 2204 1147 2235 ut
1178 2204 1369 2236 contenta
1396 2195 1465 2237 sub
1491 2197 1663 2251 Sphaeris

129 2258 200 2299 per
220 2244 591 2298 multiplicationem
611 2246 819 2298 producta.

185 2298 308 2339 Corol.
338 2314 373 2349 4.
412 2298 535 2352 Inque
564 2299 752 2340 distantiis
782 2300 1038 2355 inaequalibus
1057 2331 1069 2351 ,
1107 2312 1150 2346 ut
1174 2313 1364 2347 contenta
1390 2305 1454 2347 illa
1472 2306 1664 2361 applicata

131 2353 182 2395 ad
202 2353 393 2408 quadrata
410 2353 680 2397 distantiarum
696 2354 799 2397 inter
819 2367 967 2396 centra.

887 2408 924 2449 Z
954 2423 977 2447 2
1541 2413 1663 2454 Corol.
