2079 3033
390 141 747 192 PRINCIPIA
790 140 1353 191 MATHEMATICA.
1617 163 1662 206 19

119 235 246 286 rum)
284 232 325 274 &
343 232 561 291 secundum
579 229 699 270 lineas
716 229 914 283 parallelas
943 230 1103 284 agendo
1121 262 1133 280 ,
1171 245 1343 288 corpora
1372 234 1508 275 omnia
1530 249 1662 292 aequa-
1716 247 1860 283 Lsscsss

117 289 208 331 liter
249 288 411 343 (quoad
430 287 685 327 velocitatem
705 285 722 335 )
760 285 983 326 movebunt
1004 299 1073 339 per
1094 286 1252 341 Legem
1275 302 1323 330 11.
1353 289 1539 345 adeoque
1559 305 1660 336 nun·
1677 289 1715 323 M
1728 299 1847 324 orvs.

117 356 240 398 quam
268 343 478 386 mutabunt
495 338 713 394 politiones
734 340 775 381 δε
797 350 931 381 motus
950 353 1093 383 eorum
1113 343 1218 384 inter
1237 343 1287 385 se.

800 450 1007 493 Scholium.

167 559 377 603 Haffltnus
406 559 600 613 principia
627 558 775 600 tradidi
803 574 824 600 a
854 560 1156 602 Mathematicis
1185 572 1347 615 recepta
1378 563 1421 604 ὃς
1452 567 1663 618 experien-

115 618 168 658 tia
185 613 396 667 multiplici
426 614 674 654 confirmata.
733 614 811 655 Per
831 615 966 669 Leges
986 616 1082 656 duas
1112 618 1309 670 primas&
1328 617 1553 661 Corollaria
1576 621 1660 662 duo

111 671 239 725 prima
258 669 450 724 Galilaeus
478 669 631 709 invenit
650 669 883 710 descensum
907 670 1106 711 Gravium
1125 670 1202 711 esse
1221 672 1261 711 in
1282 672 1480 726 duplicata
1504 677 1660 717 ratione

111 724 306 779 temporis
319 754 331 773 ,
370 723 410 763 δε
430 734 589 764 motum
608 723 881 777 Projeffllium
901 726 987 766 fieri
1007 726 1047 765 in
1076 725 1262 766 Parabola
1279 743 1289 772 ;
1321 729 1572 780 conspirante
1593 744 1661 771 ex-

110 780 308 834 perientia
326 809 337 827 ‚
365 777 435 819 nisi
463 791 659 832 quatenus
687 788 824 820 motus
852 780 908 820 illi
937 794 1006 833 per
1024 781 1125 821 aeris
1152 779 1410 822 refistentiam
1439 783 1663 837 aliquantu·

109 835 194 876 lum
232 833 498 876 retardantur.
582 835 649 875 Ab
679 834 821 875 iisdem
842 835 1022 888 Legibus
1050 835 1091 876 &t
1127 835 1360 876 Corollariis
1387 840 1567 889 pendent
1589 839 1664 880 de-

108 889 326 932 monstrata
345 889 397 929 de
417 890 667 940 temporibus
696 889 959 930 oscillantium
983 890 1282 938 Pendqurum,
1312 890 1550 945 suffragante
1572 892 1666 933 Ηο-ἱ

111 945 365 998 rologiorum
394 945 643 997 experientia
670 946 915 999 quotidiana.
975 944 1037 985 Ex
1067 946 1127 985 his
1161 945 1302 985 iisdem
1334 946 1374 983 δε
1405 946 1520 999 Lege
1548 948 1665 988 tertia

69 1012 71 1015 ⁴
112 998 406 1054 Chrzstophorus
426 1001 623 1040 Wremms
643 1000 778 1054 Eques
800 1000 996 1047 Aur-atus,
1027 1000 1231 1048 Johasmes
1253 1000 1456 1054 W'allistus
1475 1001 1514 1042 S.
1538 1001 1579 1042 T.
1604 1002 1666 1043 D.

111 1053 155 1094 &
186 1053 429 1108 Christianus
455 1054 664 1108 I-Iugenins
682 1081 696 1101 ν,
733 1053 847 1107 hujus
869 1055 994 1094 aetatis
1028 1054 1346 1094 Geometrarum
1374 1055 1490 1095 facile
1517 1057 1667 1109 princi-

109 1119 181 1162 pes
202 1138 213 1156 ,
251 1110 405 1163 regulas
433 1109 714 1161 congressuum
745 1109 787 1148 &
817 1109 1088 1149 reflexionum
1118 1109 1293 1150 duorum
1321 1122 1540 1163 corporum
1560 1111 1666 1152 seor-

109 1162 184 1204 fim
213 1164 478 1212 invenerunt,
516 1164 556 1204 &
587 1165 735 1204 eodem
753 1162 839 1204 fere
858 1174 1157 1217 temporecum
1185 1164 1380 1204 Societate
1407 1166 1536 1219 Regia
1553 1178 1667 1206 com·

111 1216 368 1259 municarunt
393 1250 404 1265 ‚
450 1219 555 1260 inter
577 1219 615 1259 se
646 1222 662 1272 (
684 1218 818 1272 quoad
837 1219 905 1259 has
925 1221 1033 1271 leges
1055 1220 1070 1270 )
1112 1219 1279 1259 omnino
1300 1219 1591 1272 conspirantes:
1625 1220 1666 1260 ὃς

62 1305 64 1308 .
111 1272 264 1326 primus
293 1270 460 1325 quidem
490 1274 691 1324 Walliſjus
711 1304 722 1321 ‚
768 1274 916 1314 deinde
937 1275 1137 1314 Wrenmts
1162 1273 1203 1313 δε
1233 1273 1438 1328 Hugenizts
1455 1274 1668 1315 inventum

113 1326 397 1381 prodiderunt.
487 1326 567 1367 Sed
608 1329 650 1367 δε
687 1329 832 1369 veritas
870 1328 1134 1382 comprobata
1173 1327 1229 1368 est
1264 1342 1286 1368 a
1323 1329 1494 1368 Wrenno
1530 1342 1668 1369 coram

115 1382 247 1436 Regia
275 1380 470 1422 Societate
499 1395 569 1435 per
600 1384 926 1436 experimentum
946 1383 1252 1424 Pendulorum:
1291 1382 1404 1436 quod
1434 1383 1556 1423 etiam
1577 1384 1669 1423 Cla-

114 1437 286 1489 riffi'mus
304 1436 530 1477 Mariottus
558 1436 661 1477 libro
688 1437 848 1490 integro
878 1451 1084 1491 exponere
1114 1451 1212 1478 mox
1242 1437 1428 1489 dignatus
1459 1438 1526 1477 est.
1586 1437 1669 1479 Ve-

115 1490 207 1531 rum
229 1520 240 1537 ‚
283 1501 328 1530 ut
345 1491 433 1531 *hoc
467 1491 791 1542 experimentum
820 1505 913 1530 cum
942 1492 1134 1530 Theoriis
1164 1491 1213 1528 ad
1242 1490 1421 1528 amuffim
1442 1502 1641 1542 congruat
1659 1520 1671 1538 ‚

117 1543 302 1589 habenda
333 1544 389 1583 est
418 1544 520 1583 ratio
539 1556 633 1583 cum
653 1543 879 1583 resistentiae
899 1544 1020 1589 aeris,
1051 1552 1137 1582 tum
1157 1543 1277 1582 etiam
1297 1543 1354 1582 Vis
1374 1541 1552 1583 Elaslicae
1572 1557 1671 1585 con—

117 1598 368 1639 currentium
399 1609 627 1648 corporum.
708 1596 918 1634 Pendeant
947 1608 1118 1646 corpora
1139 1597 1206 1640 A,
1236 1596 1275 1633 B
1303 1596 1376 1634 filis
1405 1598 1596 1647 parallelis
1630 1598 1672 1638 δε

118 1650 334 1704 aequalibus
357 1650 463 1696 AC,
494 1648 616 1696 BD,
647 1659 668 1687 a
688 1648 834 1688 centris
855 1649 908 1695 C,
930 1648 991 1687 D.
1032 1647 1111 1688 His
1131 1648 1279 1688 centris
1301 1648 1339 1687 δε
1361 1648 1575 1690 intervallis
1597 1651 1670 1692 de-

114 1705 337 1748 scribantur
357 1702 596 1745 semicirculi
624 1703 665 1742 E
678 1703 784 1750 AF,
805 1703 937 1744 GBH
949 1702 1067 1743 radiis
1090 1702 1192 1748 CA,
1215 1704 1262 1741 ‘D
1276 1702 1326 1742 B.
1348 1702 1499 1755 biseffi.
1568 1704 1672 1746 Tra-

117 1760 236 1803 hatur
263 1772 410 1812 corpus
433 1761 476 1798 A
497 1757 547 1798 ad
565 1770 678 1798 arcus
699 1757 740 1796 E
752 1758 846 1798 AF
858 1757 1052 1816 pun&um
1082 1757 1255 1812 quodvis
1274 1756 1348 1804 R‚'
1370 1757 1409 1797 δε
1442 1762 1457 1811 (
1476 1759 1673 1801 subducto

119 1828 294 1870 corpore
319 1814 356 1853 Β
382 1816 399 1866 )
448 1813 685 1854 demittatur
703 1813 798 1854 inde
817 1844 828 1862 ,
868 1816 1089 1867 redeatque
1116 1811 1206 1867 post
1233 1824 1353 1852 unam
1384 1814 1673 1856 oscillationem

117 1871 169 1911 ad
197 1867 390 1923 punRum
426 1869 474 1908 V.
510 1867 580 1907 Est
602 1868 695 1907 RV
724 1881 788 1908 re-
897 1907 923 1937 E
957 1903 991 1933 G
1226 1903 1253 1935 C
1298 1904 1329 1934 D
1553 1904 1586 1933 F
1622 1900 1662 1930 F

114 1924 293 1966 tardatio
338 1937 390 1964 ex
426 1922 789 1963 resistentia-aeris.
1237 1955 1240 1957 Α
1643 1926 1660 1931 “

115 1978 254 2032 Hujus
271 1979 367 2018 RV
377 1978 444 2018 fiat
464 1976 541 2017 ST
562 1990 650 2030 pars
671 1990 788 2031 quar·
913 1954 922 2029 i

61 2044 64 2046 ’
117 2044 159 2075 ta
178 2035 249 2074 sita
276 2033 319 2073 in
348 2032 485 2073 medio
507 2062 517 2079 ‚
552 2032 608 2071 ita
638 2031 788 2072 scilicet
883 2042 948 2069 R,-

116 2099 162 2131 ut
185 2087 265 2128 RS
285 2087 325 2127 &
345 2085 433 2127 TV
451 2097 682 2141 aequentur,
721 2086 786 2127 fit-
897 2062 977 2142 {7³5-

117 2156 199 2199 que
236 2141 327 2182 RS
366 2141 416 2181 ad
444 2141 528 2181 ST
547 2151 591 2181 ut
622 2155 639 2188 3
674 2140 724 2180 ad
752 2156 788 2184 2,
915 2130 996 2184 ’κὰ

116 2198 173 2238 Et
200 2196 267 2237 ista
288 2196 318 2234 S
334 2195 374 2236 T
393 2195 597 2236 exhibebit
614 2195 788 2236 retarda-

115 2254 272 2294 tionem
288 2252 328 2291 in
348 2250 536 2291 descensu
564 2250 611 2289 ab
630 2249 661 2288 S
679 2251 730 2290 ad
752 2251 796 2289 A

108 2318 233 2364 quam
276 2306 471 2358 proxime.
542 2304 793 2347 Restituatur

118 2379 267 2421 corpus
295 2366 334 2405 B
359 2366 401 2406 in
429 2365 563 2415 locum
590 2366 714 2407 suum.
780 2367 911 2409 Cadat
947 2380 1095 2422 corpus
1118 2365 1162 2405 A
1195 2365 1247 2406 de
1264 2362 1415 2419 panno
1440 2363 1489 2411 Ξ,
1519 2361 1695 2421 &velo-⁴

114 2423 220 2483 (citas
235 2420 319 2475 ejus
339 2421 381 2463 in
397 2421 491 2463 loco
508 2420 740 2464 reflexionis
762 2423 826 2472 A,
858 2424 1009 2519 abgque
1031 2434 1168 2464 errore
1186 2420 1376 2467 senfibili„
1406 2428 1514 2461 tanta
1535 2427 1610 2458 erit
1632 2429 1676 2510 affe³<

939 2502 945 2515 o
979 2492 1002 2516 2.
1660 2498 1679 2510 -¹-
