2079 3033
390 134 467 213 336
701 157 1192 203 Pi-ttLosot’fflAE
1223 159 1637 204 NATURAMS

454 249 577 290 Corol.
609 261 643 295 3.
673 244 802 286 Antia
829 254 963 286 autem
990 245 1053 286 vel
1080 244 1275 287 diminuta
1299 245 1551 299 longitudine
1579 257 1691 299 aquae
1713 278 1723 294 ,
1761 253 1931 300 augetur

298 303 373 323 ΝΜ·
401 304 464 343 vel
483 301 717 343 diminuitur
736 309 894 354 tempus
914 299 1239 352 reciprocationis
1259 301 1300 341 in
1322 299 1584 354 longitudinis
1608 299 1764 344 rationes
1784 299 1930 343 subdu-

402 357 554 411 plicata.

537 477 578 528 JP
589 475 719 518 ROP
731 476 769 518 O
780 475 806 517 S
817 474 954 516 ITIO
983 475 1122 517 XLV.
1152 473 1249 518 ΤΗ
1261 475 1393 518 EOR
1404 475 1548 518 ΕΜΔ
1577 474 1780 519 XXXVI.

397 558 631 609 Undarum
648 547 862 633 ¹velocitas
887 558 944 623 est
968 557 1014 607 in
1025 557 1342 627 subduplicata
1362 560 1535 625 rathme
1564 558 1649 607 lati
1655 556 1871 607 tudinum.

451 654 724 710 Consequitur
743 667 793 696 ex
812 651 1106 694 construetione
1123 652 1408 708 propositionis
1428 653 1640 709 sequentis.

608 777 741 819 P-RO
756 774 1025 819 POSITIO
1055 775 1207 819 XLVI.
1238 776 1269 817 P
1282 776 1374 818 RO
1387 775 1418 817 B
1431 775 1516 819 LE
1530 776 1629 818 MA
1657 774 1712 816 X.

765 858 978 908 Invenire
1000 858 1276 906 velocitatem
1300 854 1547 905 Undarum.

450 953 728 997 Constituatur
751 950 972 992 Pendulum
990 951 1100 1004 cujus
1121 950 1334 1003 longitudo
1352 980 1363 997 ‚
1389 951 1493 991 inter
1513 949 1704 1003 punftum
1721 949 1936 1004 suspensio-

390 1013 460 1051 znis
489 1010 529 1049 δε
558 1017 742 1048 centrum
767 1004 1018 1045 oscillationis
1036 1033 1048 1052 ,
1085 1016 1266 1058 aequetur
1295 1004 1493 1045 latitudini
1517 1004 1752 1045 Undarum:
1793 1004 1935 1058 &quo

402 1073 586 1115 tempore
606 1060 827 1113 pendulum
855 1058 950 1099 illud
980 1059 1243 1099 oscillationes
1271 1057 1438 1111 singulas
1465 1059 1647 1112 peragit,
1684 1057 1831 1099 eodem
1851 1058 1936 1100 Un-

400 1116 463 1157 dae
481 1113 780 1167 progrediendo
798 1112 1049 1153 latitudinem
1068 1111 1173 1152 suam
1191 1112 1488 1164 propemodum
1505 1111 1733 1152 conficient.

457 1169 665 1209 Undarum
684 1166 933 1207 latitudinem
954 1179 1060 1205 voco
1080 1165 1302 1206 mensuram
1329 1165 1605 1213 transversam,
1635 1178 1724 1219 quae
1744 1166 1806 1206 vel
1826 1166 1935 1206 valli-

397 1223 472 1264 bus
491 1222 602 1268 imis,
630 1223 692 1262 vel
711 1221 870 1262 summis
887 1219 1124 1261 culminibus
1153 1219 1371 1272 interjacet.
1428 1218 1618 1272 Defignet
1647 1219 1943 1260 ABCDEF

399 1276 649 1329 superficiem
667 1288 778 1329 aquae
797 1274 1008 1328 stagnantis
1028 1303 1039 1320 ‚
1077 1273 1194 1314 undis
1219 1272 1441 1314 successivis·
1469 1273 1750 1314 ascendentem
1779 1285 1825 1312 ac
1844 1272 1934 1312 des-

397 1330 666 1375 cendentemz
698 1330 851 1383 sintque
881 1330 940 1375 A,
956 1327 1008 1373 C,
1025 1327 1087 1375 E,
1105 1327 1183 1368 διε,
1212 1327 1407 1368 undarum
1424 1327 1616 1371 culmina,
1645 1326 1688 1367 δε
1709 1326 1767 1373 Β,
1787 1327 1864 1373 D,
1874 1326 1937 1375 F,

396 1385 481 1424 διε.
511 1384 631 1423 valles
665 1382 905 1423 intermedii.
972 1380 1025 1421 Et
1050 1380 1238 1435 quoniam
1268 1392 1400 1422 motus
1425 1380 1621 1421 undarum
1651 1379 1696 1421 fit
1725 1393 1796 1433 per
1822 1393 1935 1434 aquae

392 1436 660 1479 *successivum
687 1436 888 1477 ascensum
917 1435 956 1475 δε
987 1434 1217 1476 descensum
1240 1464 1252 1481 ,
1288 1435 1339 1475 fic
1369 1444 1412 1475 ut
1434 1434 1516 1487 ejus
1537 1447 1666 1489 partes
1695 1436 1759 1482 A,
1791 1434 1843 1481 C,
1873 1435 1938 1484 E,

395 1492 481 1531 &a
509 1503 600 1545 quae
628 1503 735 1531 nunc
765 1489 957 1530 altiffimae
986 1488 1074 1530 sunt
1094 1518 1106 1537 ‚
1140 1502 1236 1529 mox
1266 1488 1360 1530 fiant
1389 1488 1567 1536 infimae3
1609 1489 1650 1529 &
1680 1491 1737 1530 vis
1764 1489 1937 1537 medix,

396 1559 477 1600 qua
507 1555 635 1598 partes
663 1544 857 1585 altiffimae
885 1544 1133 1584 descendunt
1163 1543 1203 1583 ἃ
1233 1543 1381 1584 infimae
1408 1543 1655 1590 ascendunt,
1693 1543 1749 1584 est
1777 1543 1936 1596 pondus

399 1612 513 1653 aquae
537 1601 699 1639 elevatae
720 1619 732 1646 5
772 1600 944 1639 alternus
974 1598 1039 1638 isse
1061 1597 1236 1638 ascensus
1256 1598 1297 1636 &
1327 1597 1534 1638 descensus
1551 1599 1737 1649 analogus
1756 1596 1831 1636 erit
1850 1609 1935 1637 mo-

401 1653 692 1704 turreciproco
718 1665 834 1705 aquae
853 1652 894 1691 in
911 1651 1055 1696 canali,
1084 1651 1324 1702 easdemque
1354 1650 1543 1701 temporis
1561 1650 1668 1701 leges
1689 1648 1932 1690 observabit:
2010 1675 2014 1678 >

394 1708 443 1747 ,ἃ
481 1703 694 1759 propterea
732 1708 828 1757 (per
857 1704 978 1754 Prop.
1007 1703 1157 1753 xmv.)
1196 1701 1221 1741 fi
1254 1701 1445 1741 distantiae
1485 1701 1589 1742 inter
1618 1702 1815 1742 undarum
1843 1704 1933 1745 loca

392 1759 578 1802 zutiffima
608 1759 669 1806 A,
690 1758 739 1805 C,
761 1758 799 1797 E
828 1756 868 1796 δε
884 1756 1020 1796 infima
1049 1756 1112 1801 B,
1131 1756 1200 1801 D,
1217 1755 1261 1794 F
1283 1765 1491 1808 aequentur
1517 1755 1648 1809 duplae
1668 1756 1828 1807 penduli
1848 1757 1935 1798 lon-

398 1813 597 1867 gitudini3
616 1822 746 1864 partes
765 1809 956 1851 altiffimae
984 1810 1045 1856 A,
1075 1809 1126 1856 C,
1155 1809 1213 1854 E,
1242 1820 1424 1863 tempore
1443 1808 1694 1850 oscillationis
1711 1810 1826 1850 unius
1843 1824 1935 1851 eva-

396 1865 502 1908 {dent
529 1867 706 1912 infimae,
751 1865 792 1904 δε
831 1872 1016 1916 tempore
1057 1862 1307 1902 oscillationis
1343 1862 1501 1901 alterius
1537 1863 1673 1903 denuo
1709 1864 1935 1906 ascendent.

399 1921 532 1974 Igitur
557 1921 663 1960 inter
684 1918 895 1959 »transitum
932 1915 1143 1956 Undarum
1172 1915 1408 1968 fingularum
1437 1925 1593 1968 tempus
1622 1917 1698 1957 erit
1727 1917 1936 1958 oscillatio-
1972 1928 1975 1930 ’

402 1968 501 2016 num
529 1974 729 2019 duarum
776 1972 855 2012 hoc
883 1969 938 2010 est
957 1999 968 2015 ‚
1013 1968 1133 2010 Unda
1168 1969 1644 2014 describet‘latitudinem
1673 1971 1781 2012 suam
1799 2000 1810 2016 ‚
1848 1985 1931 2026 quo

397 2039 586 2082 >tempore
605 2026 822 2080 pendulum
853 2024 948 2064 illud
968 2024 1025 2063 bis
1055 2024 1252 2064 osculatur
1270 2053 1281 2069 ‚
1320 2024 1387 2064 sed
1412 2023 1560 2064 eodem
1578 2035 1760 2077 tempore
1780 2027 1935 2078 pendu-

399 2083 509 2128 lum.
529 2081 647 2134 cujus
667 2079 879 2133 longitudo
896 2077 1114 2132 quadrupla
1134 2078 1210 2125 est,
1236 2077 1420 2132 adeoque
1439 2088 1569 2131 aequat
1592 2078 1788 2120 undarum
1805 2079 1937 2121 latitu-

404 2135 567 2181 dinem,
598 2134 836 2175 oscillabitur
852 2132 983 2173 semel.
1012 2131 1065 2189 Q
1093 2131 1146 2172 E.
1176 2131 1209 2172 I.

460 2190 583 2228 Corol.
607 2203 640 2227 t.
668 2188 792 2240 Igitur
808 2186 965 2233 Undae,
994 2199 1083 2237 quae
1099 2185 1225 2239 pedes
1253 2185 1493 2237 Paristenfis
1512 2195 1570 2234 311}
1589 2188 1676 2228 latae
1695 2187 1807 2235 sunt,
1835 2198 1938 2231 tem-

404 2255 509 2295 pore
546 2241 689 2281 minuti
724 2241 840 2281 unius
876 2239 1040 2280 secundi
1077 2240 1381 2293 progrediendo
1420 2241 1671 2282 latitudinem
1708 2242 1813 2284 suam
1843 2256 1940 2284 con-

408 2296 577 2342 ficientr,
624 2295 809 2348 adeoque
847 2304 1030 2347 tempore
1070 2294 1213 2334 minuti
1251 2294 1365 2334 unius
1399 2294 1517 2346 primi
1554 2306 1789 2349 percurrent
1817 2297 1939 2350 pedes

410 2349 526 2398 3835,
556 2349 595 2390 &
612 2349 727 2390 horae
744 2347 868 2402 spatio
886 2348 1009 2403 pedes
1030 2361 1159 2388 11000
1170 2347 1483 2403 quamproxime.

1766 2405 1889 2446 carol.
1909 2421 1945 2448 2„
