2079 3033
751 139 1395 190 EDITORIS

322 233 475 275 suarum
503 231 810 273 fundamentum
838 224 1048 266 desumunt
1077 223 1125 264 ab
1155 220 1486 278 HypothefibUS,
1527 224 1674 268 etiamfi
1702 230 1851 274 deinde

328 286 546 328 secundum
567 286 672 338 leges
700 279 955 324 Mechanicas
980 277 1267 319 a-ccuratiffime
1286 274 1529 329 procedant;
1559 276 1744 324 Fabulam
1763 287 1853 340 qui-

329 341 422 382 dem
453 342 677 393 elegantem
707 336 811 376 forte
840 332 882 373 δε
910 336 1135 380 venustam,
1170 330 1357 371 Fabulam
1378 339 1510 371 tamen
1529 332 1765 378 concinnare
1795 339 1856 380 di.

329 395 449 435 cendi
468 394 567 434 sunt.

384 447 643 501 Relinquitur
672 442 774 483 adeo
803 441 967 482 tertium
996 451 1120 493 genus
1138 467 1149 486 ‚
1185 438 1254 493 qui
1280 436 1573 490 Philosophiam
1601 439 1749 482 scilicet
1778 441 1859 486 Ex‘.

300 532 305 536 -
329 501 629 555 perimentalem
673 496 924 550 profitentur.
989 493 1050 533 Hi
1097 492 1262 545 quidem
1311 505 1363 532 ex
1398 491 1683 545 fimpliciflimis
1719 496 1862 550 quibus

330 551 726 608 poffunt.principiis
763 562 896 590 rerum
937 547 1118 588 omnium
1155 545 1284 586 causas
1319 545 1552 586 derivandas
1588 547 1664 587 effe
1693 550 1860 591 volunt:

330 608 427 648 nihil
455 615 587 645 autern
617 603 807 655 Principii
837 603 929 642 loco
958 600 1176 647 assumunt,
1207 597 1318 653 quod
1346 599 1527 639 nondum
1556 612 1607 640 ex
1625 601 1863 645 Phaenome-

328 661 387 701 nis
413 659 720 711 comprobatum
747 656 879 696 fuerit.
936 653 1301 708 Hypotheses-non
1321 652 1698 702 comminiscuntur,
1729 670 1860 711 neque

327 716 368 754 in
390 713 593 766 Physicam
621 711 842 763 recipiunt,
871 709 941 750 nifi
970 718 1014 748 ut
1043 707 1292 760 Quaelliones
1321 705 1373 746 de
1403 718 1570 759 quarum
1592 709 1759 751 veritate
1785 712 1862 753 dis-

327 777 502 820 putetur.
561 765 721 818 Duplici
757 765 892 816 itaque
930 761 1135 802 Methodo
1174 759 1399 806 incedunt,
1446 760 1654 815 Analytica
1693 764 1733 803 ἃ
1762 765 1862 818 Syn-

328 822 488 862 thetica.
543 820 706 860 Naturae
735 818 835 857 vires
865 816 1049 869 legesque
1076 814 1219 855 virium
1246 812 1499 866 fimpliciores
1523 827 1573 854 ex
1600 816 1749 856 selectis
1773 820 1863 872 qui-

329 874 491 915 busdam
515 871 794 913 Phaenomenis
824 884 894 923 per
916 868 1101 922 Analylin
1126 868 1356 914 deducunt,
1382 880 1432 907 ex
1452 867 1594 918 quibus
1616 868 1763 911 deinde
1792 885 1863 926 per

329 928 537 981 Synthefin
566 926 810 979 reliquorum
847 923 1174 964 constitutionem
1202 922 1377 962 tradunt.
1432 920 1538 962 Haec
1566 921 1627 962 illa
1650 923 1705 963 est
1729 925 1865 967 Philo-

329 982 521 1035 sophandi
551 981 652 1021 ratio
681 981 799 1031 longe
827 978 1001 1030 optima,
1030 989 1149 1029 quam
1175 974 1426 1028 praeceteris
1456 975 1600 1015 merito
1620 978 1867 1030 amplefflen-

330 1036 422 1076 dam
452 1035 601 1075 censuit
630 1033 926 1074 Celeberrimus
956 1030 1110 1070 Auflor
1138 1029 1282 1075 noster.
1339 1027 1460 1068 Hanc
1478 1029 1598 1069 solam
1617 1031 1756 1084 utique
1776 1034 1865 1088 dig-

327 1102 419 1130 nam
453 1088 674 1142 judicavit,
723 1088 763 1126 in
802 1098 880 1139 qua
909 1084 1130 1125 excolenda
1163 1095 1283 1136 atque
1309 1082 1538 1123 adornanda
1568 1096 1728 1137 operam
1757 1087 1863 1130 suam

271 1170 274 1171 ν
330 1143 557 1183 collocaret.
615 1140 748 1192 Hujus
775 1140 895 1192 igitur
923 1136 1215 1178 illustrissimum
1244 1135 1356 1176 dedit
1382 1134 1647 1188 Exemplum,
1686 1138 1862 1183 Munda-

328 1199 370 1238 ni
397 1209 542 1249 nempe
569 1193 793 1248 systematis
818 1192 1127 1246 explicationem
1147 1204 1168 1230 e
1188 1189 1368 1230 Theoria
1396 1188 1611 1231 Gravitatis
1642 1192 1862 1238 feliciffime

328 1249 554 1291 deductam.
610 1246 827 1288 Gravitatis
856 1248 1045 1287 virtutem
1072 1243 1258 1285 univerfis
1286 1243 1520 1295 corporibus
1547 1244 1665 1286 inesse
1685 1275 1696 1293 ‚
1741 1248 1861 1302 suspi-

333 1304 411 1345 cati
440 1304 527 1344 sunt
555 1302 617 1343 vel
644 1302 844 1342 finxerunt
875 1300 966 1340 alii:
998 1299 1146 1352 primus
1169 1298 1236 1338 llle
1263 1297 1303 1337 &
1323 1296 1424 1337 solus
1443 1310 1493 1338 ex
1512 1299 1766 1351 Apparentiis
1795 1303 1865 1344 de-

332 1356 549 1398 monstrare
580 1356 743 1409 potuit,
787 1354 827 1394 &
859 1351 1187 1406 speculationibus
1221 1350 1390 1404 egregiis
1423 1350 1688 1394 firmissimum
1711 1367 1866 1408 ponere

332 1411 650 1452 fundamentum.

389 1464 482 1505 Seio
509 1463 698 1516 equidem
729 1463 940 1516 nonnullos
967 1461 1100 1515 magni
1128 1462 1247 1501 etiam
1269 1459 1440 1501 nominis
1458 1459 1598 1508 Viros,
1627 1462 1866 1515 praejudiciis

335 1517 566 1570 quibusdam
597 1516 683 1568 plus
711 1526 828 1567 aequo
860 1526 1100 1566 occupatos,
1134 1514 1227 1552 huic
1257 1526 1365 1552 novo
1386 1513 1589 1566 Principio
1618 1527 1723 1567 aegre
1746 1517 1865 1559 affen.

335 1572 398 1612 tiri
418 1569 606 1622 potuiffe‚
635 1568 675 1607 &
698 1569 815 1607 certis
834 1568 985 1607 incerta
1003 1565 1227 1605 identidem
1257 1564 1477 1616 praetuliffe.
1534 1565 1867 1613 Horumfamam

335 1624 519 1664 vellicare
539 1633 620 1661 non
640 1621 695 1660 est
716 1621 867 1659 animus
887 1632 896 1657 :
925 1617 1025 1657 Tibi
1041 1618 1194 1669 potius,
1222 1616 1426 1654 Benevole
1446 1617 1618 1664 Lector,
1653 1621 1716 1659 illa
1736 1626 1871 1674 paucis

334 1688 536 1730 exponere
557 1673 690 1719 lubet,
719 1685 770 1713 ex
788 1671 930 1727 quibus
947 1670 1061 1710 Tute
1079 1668 1159 1722 ipse
1174 1668 1371 1721 judicium
1391 1679 1471 1707 non
1489 1668 1671 1721 iniquum
1691 1672 1804 1716 feras,

388 1730 511 1783 Igitur
540 1738 584 1768 ut
613 1726 855 1779 Argumenti
884 1725 1056 1765 sumatur
1085 1722 1296 1763 exordium
1316 1734 1337 1760 a
1365 1721 1649 1773 fimpliciffimis
1672 1726 1712 1766 δε
1731 1732 1868 1779 proxi..

333 1785 429 1829 mis;
459 1781 720 1834 despiciamus
747 1779 939 1832 paulisper
960 1777 1082 1831 qualis
1111 1775 1155 1816 fit
1184 1777 1225 1816 in
1253 1774 1527 1816 Tei-restribus
1555 1788 1692 1819 natura
1721 1781 1867 1825 Gravi-

338 1838 449 1883 tatis,
478 1845 521 1876 ut
544 1834 690 1875 deinde
719 1834 841 1874 tutius
869 1831 1172 1886 progrediamur
1192 1829 1259 1869 ubi
1281 1827 1331 1868 ad
1351 1840 1521 1881 corpora
1540 1830 1750 1881 Coelessia,
1779 1837 1867 1879 lon-

338 1890 490 1945 gissime
512 1903 532 1928 a
551 1887 705 1928 sedibus
733 1887 871 1927 nostris
890 1894 1071 1931 remota,
1105 1892 1342 1937 perventum
1371 1880 1503 1923 fuerit.
1559 1883 1762 1929 Convenit
1785 1890 1867 1943 jam

338 1948 442 1986 inter
472 1955 610 1983 omnes
641 1940 922 1993 Philosophos‚
958 1951 1128 1991 corpora
1155 1936 1333 1977 universa
1361 1935 1709 1981 circumterrestria
1737 1936 1868 1996 gravi-

334 2009 417 2039 tare
446 1998 486 2037 in
514 1996 698 2036 Terram.
756 1995 872 2035 Nulla
899 1993 983 2033 dari
1011 2003 1179 2044 corpora
1208 2003 1301 2030 vere
1317 1989 1442 2037 levia,
1473 1989 1703 2037 iamdudum
1721 1998 1867 2040 confir..

338 2052 458 2093 mavit
490 2048 744 2102 Experientia
779 2047 999 2099 multiplex.
1055 2045 1160 2097 Quae
1189 2043 1336 2084 dicitur
1365 2042 1526 2083 Levitas
1555 2047 1715 2089 relativa
1736 2083 1745 2096 ,
1785 2064 1868 2095 non

338 2105 393 2146 est
421 2118 514 2144 vera
538 2102 720 2148 Levitas,
749 2101 817 2141 sed
843 2112 1030 2153 apparens
1049 2097 1300 2139 solummodo
1321 2109 1330 2136 :
1361 2095 1400 2134 &
1422 2097 1548 2138 oritur
1566 2113 1586 2139 a
1606 2104 1866 2155 praepollente

340 2158 546 2200 Gravitate
568 2168 783 2208 corporum
802 2154 1098 2206 contiguorum.
1605 2148 1619 2154 ”
1710 2152 1713 2154 ’

395 2212 544 2256 Porro,
573 2219 619 2249 ut
646 2221 815 2261 corpora
839 2206 1015 2247 universa
1037 2206 1230 2258 gravitant
1250 2205 1289 2244 in
1309 2204 1505 2251 Terram,
1532 2207 1585 2245 ita
1604 2208 1734 2251 Terra
1756 2214 1868 2255 vicis.

337 2270 405 2310 sim
434 2267 475 2305 in
505 2275 681 2315 corpora
703 2262 906 2315 aequaliter
935 2260 1132 2313 gravitat3
1180 2258 1397 2300 Gravitatis
1433 2259 1539 2299 enim
1568 2261 1762 2305 actionem
1792 2268 1869 2311 effe

337 2331 515 2365 mutuam
547 2318 586 2358 ἃ
615 2318 801 2370 utrinque
831 2316 1043 2370 aequalem‚
1071 2313 1119 2354 s1c
1140 2312 1375 2354 ostenditur.
1432 2312 1705 2368 Distinguatur
1726 2318 1868 2364 Terrae

1750 2382 1873 2418 totius
