2079 3033
479 111 842 155 *PR-INCIPIA
879 111 1433 165 MAT-HEMATICA,
1704 132 1728 168 7

159 207 257 240 item
275 199 408 240 versus
428 208 531 241 cum
552 198 776 240 velocitatis
798 208 908 252 parte
928 212 1026 241 una:
1054 200 1282 242 movebitur
1302 197 1445 241 Nauta‘
1462 214 1555 243 vere
1586 203 1627 243 δε
1650 204 1717 245 ab·
1735 213 1846 245 Diam
1863 224 1919 246 m-

171 255 299 296 solute
318 257 358 295 in
379 254 696 309 spatiossimmoto
716 266 810 293 cum
838 254 1059 295 velocitatis
1078 257 1252 309 partibus
1277 270 1400 294 1ooot
1427 257 1466 296 in
1496 258 1716 306 orientem,
1735 264 1907 287 noxas.
1938 265 1943 271 “

169 309 216 349 Γδε
238 309 400 351 relative
425 310 466 350 in
493 319 596 349 terra
624 308 881 349 occidentem
908 310 1042 350 versus
1069 324 1172 352 cumv
1189 311 1421 352 velocitatis·
1440 312 1615 365 partibus
1644 327 1718 354 no-

172 376 277 405 vem.
1233 366 1235 369 ’

221 418 405 471 Tempus
422 414 664 458 Absolutum
685 430 705 458 a
727 417 896 459 relativo
918 417 1174 472 distinguitur
1204 420 1244 460 in
1265 420 1521 461 Assronomia
1541 433 1612 474 per
1641 422 1716 463 ΖΕ-

162 473 400 528 -quationem
436 472 634 524 temporis
665 473 786 525 vulgi.
853 473 1070 527 lnaequales
1105 474 1213 514 enim
1250 474 1336 515 sunt
1368 475 1454 515 dies
1482 476 1713 525 Naturales,

165 528 234 582 qui
255 526 375 579 vulgo
395 535 583 579 tanquam
606 528 777 582 aequales
796 541 871 582 pro
891 529 1072 569 mensura
1083 530 1276 582 temporis
1289 530 1496 570 habentur.
1525 529 1718 573 Hancin-

165 580 434 634 aequalitatem
446 582 653 634 corrigunt
678 582 912 624 Astronomi
927 616 937 631 ,
967 594 1010 624 ut
1031 597 1082 624 ex
1101 584 1259 624 veriore
1279 595 1463 638 tempore
1484 586 1716 628 mensurent

164 645 300 676 motus
326 634 521 676 coelestes.
580 635 766 676 Poffibile
803 638 859 678 est
878 666 889 685 ‚
927 647 970 678 ut
1006 638 1136 679 nullus
1167 638 1211 678 fit
1241 649 1372 679 motus
1403 639 1602 693 aequabilis
1632 655 1716 696 quo

150 689 346 743 ‘Tempus
365 698 549 730 accurate
570 691 832 732 mensuretur.
879 693 1107 733 Accelerari
1130 692 1170 731 &
1191 694 1384 733 retardari
1402 694 1559 746 poliunt
1581 708 1715 737 motus

161 757 328 792 omnes,
358 745 426 785 sed
448 743 581 785 fluxus
603 746 794 800 temporis
813 746 979 787 absoluti
998 747 1143 787 mutari
1172 747 1324 799 nequit.
1380 747 1535 787 Eadem
1554 750 1609 788 est
1639 751 1714 792 du-

161 801 264 840 ratio
293 800 359 840 seu
387 798 676 853 perseverantia
705 801 924 842 existentiae
953 815 1087 842 rerum
1112 819 1122 848 ;
1170 800 1248 842 five
1276 812 1411 842 motus
1439 801 1512 841 sint
1541 804 1713 853 celeres,

147 853 238 894 five
267 855 391 901 tardi,
421 854 500 895 five
527 855 646 897 nulli:
677 856 850 910 proinde
880 856 967 896 haec
996 869 1018 896 a
1046 856 1237 896 mensuris
1263 856 1338 896 suis
1367 855 1606 897 senfibilibus
1628 871 1712 899 me-

159 909 241 949 rito
261 909 539 962 distinguitur,
566 911 608 950 <Sc
629 924 681 951 ex
708 910 850 951 iisdem
878 911 1080 964 colligitur
1100 924 1171 964 per
1200 909 1492 965 AEquationem
1515 910 1710 953 Astrono-

157 964 318 1004 micam.
382 963 517 1016 Hujus
554 975 688 1005 autem
726 966 960 1020 aequationis
996 966 1037 1006 in
1073 965 1387 1006 determinandis
1427 966 1710 1009 Phaenomenis

156 1018 384 1066 ne'ceflitas‚
413 1029 500 1059 tum
521 1032 591 1072 per
610 1021 934 1073 experimentum
946 1019 1168 1074 Horologii
1189 1021 1465 1069 Oscillatorii,
1484 1031 1570 1061 tum
1583 1021 1717 1065 etiam,

144 1084 229 1127 ‘per
248 1074 409 1127 eclipses
426 1074 651 1114 Satelliturn
667 1074 778 1126 Jovis
798 1076 1009 1116 evincitur.

210 1127 268 1168 Ut
287 1129 459 1182 partium
489 1128 711 1182 Temporis
741 1129 846 1170 ordo
874 1129 932 1170 est
960 1129 1319 1177 immutabilis‚,fic
1348 1129 1467 1171 etiam
1489 1132 1594 1173 ordo
1616 1144 1704 1185 par-

153 1182 256 1223 tium
277 1184 413 1237 Spatii.
471 1182 716 1225 Moveantur
745 1184 807 1225 hae
836 1185 888 1225 de
919 1185 1016 1225 locis
1043 1185 1118 1225 suis
1138 1215 1148 1232 ,
1185 1184 1227 1225 &
1255 1185 1527 1227 movebuntur.
1559 1192 1622 1239 (ut
1649 1188 1716 1229 ita

147 1237 303 1291 dicam)
333 1239 385 1279 de
414 1238 555 1291 seipfis.
621 1240 724 1280 Nam
753 1249 938 1292 tempora
968 1240 1008 1279 δε
1036 1239 1156 1293 spatia
1177 1240 1265 1280 sunt
1286 1240 1339 1279 sui
1360 1240 1536 1293 ipsorum
1568 1242 1608 1282 ἃ
1640 1256 1703 1284 re·=
1727 1268 1730 1272 .

152 1304 242 1332 rum
273 1293 454 1333 omnium
484 1293 592 1346 quasi
620 1293 745 1334 Loca.
812 1294 855 1335 In
883 1295 1096 1347 Tempore
1124 1294 1259 1347 quoad
1281 1295 1466 1335 ordinem
1485 1296 1699 1338 succeffio=

150 1346 234 1392 nis;
265 1348 306 1388 in
337 1348 479 1401 Spatiov
503 1349 637 1399 quoad
669 1350 854 1390 ordinem
884 1349 975 1389 situs
1004 1350 1186 1389 locantur
1204 1349 1401 1403 universa,
1457 1349 1522 1391 De
1541 1352 1713 1393 illorum

137 1400 310 1443 essentia
340 1403 396 1443 est
425 1412 467 1442 ut
498 1402 571 1443 sint
600 1404 713 1444 Loca
737 1418 745 1444 :
795 1406 835 1443 δι
865 1404 951 1444 loca
983 1404 1166 1456 primaria
1193 1404 1348 1444 moveri
1389 1404 1602 1447 absurdum
1631 1407 1700 1448 est,

148 1453 374 1499 Haee—-sunt
405 1457 531 1509 igitur·
556 1457 729 1498 absoluta
759 1458 874 1498 Loca
886 1475 901 1504 ³⁷
931 1460 969 1498 &
1002 1458 1093 1497 solae
1121 1457 1397 1498 transsationes
1428 1459 1480 1499 de
1509 1459 1569 1500 his
1600 1461 1711 1502 locis—

138 1509 237 1549 *sun't
254 1511 432 1550 safbsoluti
451 1511 606 1550 Motus.
1024 1520 1027 1523 ’
1100 1522 1103 1524 “

204 1563 361 1604 Verum
391 1564 580 1616 quoniam
611 1563 672 1603 hae
699 1564 822 1613 Spatii
854 1573 983 1615 partes
1014 1563 1141 1602 videri
1172 1574 1379 1616 nequeunt
1404 1594 1428 1611 ‚.
1448 1566 1489 1605 ὅτ
1519 1566 1566 1606 ab
1595 1568 1697 1609 invi-2

144 1630 233 1657 cem
255 1630 328 1668 per
351 1618 482 1656 sensus
511 1616 665 1655 nostros
695 1616 881 1666 distingui
905 1634 914 1661 ;
946 1629 1081 1655 earum
1115 1616 1202 1656 vice
1232 1617 1467 1659 adhibemus
1497 1622 1695 1664 mensuras

137 1670 351 1712 -fenfibilea
408 1669 471 1710 Ex
491 1668 751 1722 positionibus
781 1670 888 1709 enim
920 1669 959 1709 &
993 1670 1183 1710 distantiis
1212 1685 1346 1712 rerum
1375 1686 1394 1711 a
1425 1687 1598 1727 corpore
1627 1677 1695 1717 ali-

141 1738 254 1777 quo,
282 1725 394 1778 quod
425 1723 644 1777 spet‘iamus
663 1735 706 1764 ut
737 1724 964 1771 immobile,
1000 1725 1215 1766 definimus
1236 1727 1323 1765 loca
1341 1727 1544 1769 universa:
1577 1730 1694 1772 dein-

139 1780 194 1821 de
212 1781 333 1820 etiam
352 1781 392 1820 &
424 1792 565 1819 omnes
596 1790 728 1819 motus
748 1779 982 1819 aestimamus
1002 1793 1095 1819 curn
1114 1779 1296 1833 respePtu
1315 1780 1363 1820 ad
1384 1783 1572 1834 praedit‘ia
1591 1785 1691 1833 loca,

140 1846 335 1886 quatenus
363 1847 533 1887 corpora
563 1833 610 1873 ab
639 1833 780 1873 iisdem
808 1833 1012 1874 transferri
1042 1834 1305 1887 concipimus.
1363 1836 1427 1876 Sic
1458 1838 1546 1878 vice
1578 1839 1689 1880 loco=

136 1902 229 1930 rum
261 1889 300 1929 &
332 1900 516 1930 motuum
546 1888 818 1928 absolutorum
849 1888 1025 1928 relativis
1052 1889 1201 1929 utimur
1219 1903 1338 1937 ,nec
1361 1891 1624 1933 incommode
1647 1895 1688 1936 in

137 1945 256 1984 rebus
285 1943 484 1984 humanis:
515 1944 557 1984 in
579 1943 867 1998 philosophicis
887 1953 1020 1982 autem
1039 1942 1343 1984 abstrahendum
1373 1946 1428 1985 est
1456 1961 1476 1986 a
1505 1947 1686 1990 sensibus,

140 1996 246 2038 Fieri
276 1999 425 2039 etenim
455 1998 613 2052 potest,
651 2007 696 2037 ut
725 1998 878 2038 nullum
907 2010 1042 2038 revera
1073 1998 1247 2051 quiescat
1277 2013 1423 2053 corpus
1442 2030 1453 2048 ‚
1491 2002 1541 2041 ad
1573 2004 1685 2056 quod

138 2052 225 2093 loca
246 2053 459 2105 motusque
480 2053 714 2093 referantur.

191 2106 501 2160 Distinguuntur
519 2119 653 2147 autem
685 2106 811 2160 Quies
842 2105 883 2146 δε
905 2105 1047 2147 Motus
1074 2106 1242 2148 absoluti
1270 2107 1312 2147 δε
1331 2109 1484 2150 relativi
1507 2110 1555 2150 ab
1584 2112 1698 2153 invior

138 2175 227 2202 cem
255 2175 326 2215 per
350 2162 618 2215 proprietates
637 2164 719 2201 suas
741 2162 778 2200 δε
800 2160 944 2201 Causas
965 2162 1004 2200 &
1026 2161 1215 2203 Effefflus.
1275 2162 1435 2216 Quietis
1462 2166 1682 2217 proprietas

137 2216 224 2262 est,
261 2216 373 2270 quod
404 2229 576 2268 corpora
612 2229 708 2256 vere
737 2215 979 2269 quiescentia
1017 2217 1235 2267 quiescunt:v
1264 2217 1368 2257 inter
1397 2218 1447 2258 se.
1505 2219 1683 2274 Ideoque

137 2283 232 2310 cum
251 2270 430 2322 'possibile
448 2271 513 2315 sit,
541 2279 591 2311 ut
604 2280 749 2324 corpus
760 2270 922 2324 aliquod
942 2271 983 2310 in
1001 2270 1427 2323 regionibusFixarum
1442 2307 1451 2320 ‚
1483 2285 1548 2313 aut
1561 2276 1682 2328 longe

135 2326 261 2371 ultra,
290 2325 464 2378 quiescat
493 2325 700 2371 absolute3
731 2324 822 2365 sciri
848 2327 985 2365 autem
1012 2338 1097 2365 nort
1122 2325 1241 2378 poflitv
1276 2339 1327 2366 ex
1357 2327 1428 2366 fitu
1460 2340 1694 2381 corporum:

135 2381 189 2422 ad
225 2380 402 2422 invicem
434 2379 476 2420 in
510 2380 742 2434 regionibus
774 2379 915 2421 nostris
937 2409 964 2428 ,-,
987 2380 1203 2422 horum-ne
1228 2381 1405 2436 aliquod
1431 2381 1483 2422 ad
1522 2384 1678 2434 longin-

1551 2450 1693 2492 quum}
