2079 3033
454 159 530 209 164
634 192 637 195 .
694 134 696 137 ’
764 149 1256 197 PHILOSOPHIAE
1309 126 1717 198 NATURALIS

260 247 307 276 DE
323 251 421 281 Mon,
458 232 591 275 dente.
639 233 691 274 Et
708 232 818 272 simili
837 231 1071 276 ratiocinio,
1101 231 1304 272 inclinatio
1334 232 1456 286 magis
1474 242 1642 285 augetur
1661 245 1780 286 quam
1800 234 1987 279 diminui.

260 286 436 319 Cfflu‘omm
459 297 524 327 tur
546 289 613 328 ubi
634 287 742 327 Nodi
767 286 854 325 sunt
885 288 923 327 in
953 285 1187 328 ortantibus
1216 287 1345 326 alteris
1374 288 1476 327 inter
1505 287 1695 334 A&,5D‚
1723 288 1866 330 [3820.
1906 292 1987 333 *In-2.

459 342 621 382 clinatio
648 341 770 393 igitur
799 340 866 380 ubi
893 330 1004 395 Nodi
1032 346 1117 379 lunt
1147 340 1187 379 in
1216 340 1393 393 Syzygiis
1421 340 1475 381 est
1502 342 1682 389 omnium
1710 343 1888 383 maxima.
1945 346 2010 386 In

458 396 618 436 tranfitu
649 407 789 440 eorum
820 408 841 433 a
870 395 1048 450 Syzygiis
1077 393 1127 433 ad
1156 393 1450 447 Quadraturas,
1475 395 1516 434 in
1546 391 1701 448 singulis
1731 398 1909 448 corporis
1936 400 1987 440 ad

457 449 599 492 Nodos
629 448 848 500 appulsibus
870 480 881 497 ‚
927 448 1164 491 diminuitur
1184 476 1194 494 ‚
1238 448 1364 502 fitque
1393 449 1572 492 omnium
1599 450 1761 490 minima
1787 449 1852 489 ubi
1874 447 1996 493 Nods

453 503 597 543 suntin
620 502 884 555 Quadraturis
911 504 952 543 ὅ(
972 507 1124 556 ‘corpus
1150 502 1191 541 in
1217 502 1394 556 Syzygiis
1414 523 1422 544 :
1462 504 1555 544 dein
1575 504 1714 544 crescit
1735 503 1873 544 iisdem
1903 517 1989 558 gra-

455 555 570 596 dibus
589 557 731 611 quibus
759 567 873 598 antea
891 558 1147 601 decreverat,
1188 557 1395 611 Nodisque
1414 557 1463 598 ad
1491 558 1676 611 Syzygias
1695 558 1896 612 proximas
1922 572 1989 614 ap-

456 610 572 663 pulfis
595 611 644 651 ad
664 612 983 665 magnitudinem
1002 612 1168 666 primam
1190 612 1416 652 revertitur.

511 664 632 705 Coro).
664 680 720 705 11.
777 667 979 719 Quoniam
1000 679 1145 719 corpus
1166 666 1208 705 P
1227 666 1295 707 ubi
1313 666 1424 706 Nodi
1441 666 1529 706 sunt
1547 665 1588 706 in
1616 666 1879 720 Quadraturis
1900 680 1991 721 per*-
2020 707 2023 709 i

417 718 419 720 ’
452 728 579 772 petuo
607 719 775 760 trahitur
805 722 856 760 de
886 722 1003 772 plano
1032 720 1151 761 Orbis
1177 719 1234 760 sui
1259 749 1270 767 ‚
1307 720 1432 775 idque
1461 722 1501 760 in
1529 730 1682 772 partem
1709 720 1840 761 versus
1867 721 1990 767 Syin
2037 760 2047 763 e

452 773 617 824 ,transitu
647 773 717 813 suo
735 788 754 813 a
773 774 898 814 Nodo
919 775 953 816 C
969 788 1037 828 per
1060 773 1399 826 Conjuncfflonem
1425 775 1542 819 Aad
1570 774 1737 814 Nodum
1766 776 1814 814 ‘D
1835 792 1846 821 ;
1879 776 1920 815 δε
1949 776 1990 817 in

453 828 694 868 contrariam
724 837 876 881 partem
907 829 947 868 in
978 829 1140 868 tranfitu
1169 842 1190 866 a
1219 828 1342 867 Nodo
1373 829 1421 866 D
1451 840 1521 880 per
1547 827 1852 880 Oppofitionem
1881 829 1921 869 B
1939 831 1990 871 ad

452 880 620 927 Nodum
650 882 716 928 C;
758 882 1007 922 manifestum
1035 882 1090 921 est
1115 880 1227 934 quod
1254 881 1294 919 in
1322 891 1437 920 motu
1467 881 1536 920 suo
1559 894 1580 920 a
1605 881 1731 921 Nodo
1762 882 1823 929 C,
1846 896 1991 937 corpus

451 945 651 988 perpetuo.
675 936 829 976 recedit
857 936 903 975 ab
931 935 1051 976 Orbis
1082 935 1137 975 sui
1165 935 1282 987 plano
1317 934 1448 987 primo
1474 934 1565 975 CD
1584 963 1596 981 ,
1624 935 1746 989 usque
1774 936 1871 976 dum
1901 950 1992 990 per-

454 1000 621 1030 ventum
643 990 698 1030 est
718 990 765 1030 ad
792 989 959 1030 Nodum
980 989 1233 1043 proximum;
1264 987 1449 1042 adeoque
1477 989 1516 1028 in
1546 988 1623 1038 hoc
1642 989 1788 1037 Nodo,
1816 990 1992 1042 longifli-

451 1056 516 1084 me
545 1044 687 1084 distans
715 1058 736 1083 a
762 1044 880 1095 plano
898 1044 965 1084 illo
996 1043 1127 1097 primo
1156 1042 1266 1089 C‘D,
1294 1042 1429 1083 transit
1454 1055 1525 1096 per
1550 1043 1711 1095 planum
1731 1043 1850 1084 Orbis
1869 1044 1997 1085 EST

451 1110 534 1138 non
558 1098 599 1138 in
622 1098 725 1151 plani
753 1098 852 1138 illius
872 1098 997 1138 Nodo
1020 1099 1145 1137 altero
1171 1097 1243 1142 52),
1272 1095 1337 1143 sed
1360 1096 1399 1136 in
1428 1095 1575 1149 punrto
1594 1097 1706 1149 quod
1735 1098 1830 1137 inde
1859 1100 1991 1152 vergit

452 1151 501 1191 ad
523 1162 651 1203 partes
670 1153 850 1205 corporis
870 1152 917 1199 S,
947 1152 1141 1206 quodque
1162 1150 1338 1203 proinde.
1351 1163 1477 1190 novus
1507 1154 1563 1190 est
1584 1150 1696 1190 Nodi
1713 1151 1825 1192 locus
1854 1152 1895 1192 in
1924 1166 1992 1193 an-

451 1207 598 1245 teriora
636 1219 816 1260 vergens.
874 1206 927 1246 Et
966 1205 1076 1245 simili
1118 1214 1355 1257 argumento
1389 1214 1558 1257 pergent
1585 1204 1699 1245 Nodi
1729 1205 1920 1250 recedere
1947 1208 1989 1247 in

451 1260 613 1300 transitu
636 1259 896 1313 corporis'de
923 1260 1000 1299 hoc
1021 1258 1145 1299 Nodo
1166 1260 1207 1298 in
1227 1258 1394 1298 Nodum
1422 1259 1665 1310 proximum.
1721 1259 1832 1299 Nodi
1862 1261 1985 1313 igitur

449 1313 491 1353 in
519 1313 783 1367 Quadraturis
813 1313 1016 1354 constituti
1039 1323 1237 1366 perpetuo
1265 1311 1480 1351 recedunt:
1510 1313 1554 1352 iff
1580 1312 1759 1366 Syzygiis
1780 1313 1872 1362 (ubi
1903 1328 1990 1355 mo-

449 1377 512 1408 tus
541 1368 581 1408 in
611 1367 890 1408 Latitudinem
917 1368 970 1408 nil
1003 1366 1283 1419 perturbatur)
1323 1365 1564 1418 quiescunt;
1605 1367 1644 1405 in
1674 1367 1770 1408 locis
1799 1367 1991 1410 interme-

449 1421 549 1468 diis,
580 1422 825 1461 conditionis
853 1421 1057 1473 utriusque
1084 1420 1315 1471 participes,
1346 1418 1541 1459 recedunt
1564 1419 1744 1466 tardius;
1784 1421 1998 1475 adeoque,·

449 1475 603 1527 semper
632 1475 693 1514 vel
721 1474 946 1527 retrogradi
968 1474 1031 1514 vel
1058 1473 1271 1514 stationarii
1289 1502 1300 1521 ‚
1330 1472 1489 1527 singulis
1509 1474 1825 1516 revolutionibus
1855 1475 1992 1518 ferun-

450 1539 514 1569 tur
534 1529 575 1569 in
596 1529 886 1569 antecedentia.
1194 1542 1197 1547 ·
1676 1533 1680 1535 ’

503 1582 625 1623 Corol.
658 1597 715 1622 12.
744 1583 897 1623 Omnes
916 1583 971 1623 illi
991 1584 1031 1622 in
1049 1583 1111 1624 his
1131 1582 1364 1623 Corona-riis
1394 1582 1584 1635 descripti
1605 1581 1773 1624 Eri-ores
1793 1584 1880 1624 sunt
1898 1597 1990 1636 pau·

447 1637 488 1678 lo
508 1636 676 1689 majores
704 1636 744 1675 in
765 1635 1063 1687 Conjunfflone
1083 1648 1302 1687 corporum
1329 1636 1391 1680 P,
1421 1635 1587 1687 Squarn
1615 1637 1655 1675 in
1674 1649 1817 1677 eorum
1845 1638 1987 1692 Oppo-

446 1691 610 1737 sitione,
636 1688 758 1742 idque
778 1688 830 1728 ob'
851 1689 1018 1741 majores
1039 1689 1140 1728 vires
1159 1697 1393 1740 generantes
1412 1687 1463 1725 N
1469 1689 1521 1726 M
1543 1688 1584 1726 δε
1605 1688 1716 1729 ML.

498 1745 620 1785 Corol.
655 1757 711 1790 13.
765 1743 953 1796 Cumque
972 1742 1148 1782 rationes
1166 1741 1311 1781 horum
1333 1740 1650 1787 Corrollariorum
1682 1756 1763 1783 non
1781 1745 1985 1796 pendeant

446 1812 468 1838 a
487 1797 764 1850 magnitudine
782 1797 962 1849 corporis
984 1796 1016 1835 S
1025 1828 1032 1840 ‚
1064 1795 1525 1847 obtinentpraecedentia
1537 1797 1690 1844 omnia,
1719 1796 1784 1837 ubi
1803 1801 1985 1853 corporis

443 1853 476 1892 S
492 1861 598 1892 tanta
621 1851 799 1891 statuitur
818 1850 1056 1903 magnitudo
1073 1859 1117 1890 ut
1137 1848 1242 1889 circa
1260 1849 1387 1902 ipsum
1406 1851 1632 1890 revolvatur
1654 1862 1870 1903 corporum
1884 1854 1986 1894 duo-

443 1919 532 1947 rum
553 1904 646 1945 T&
670 1905 711 1945 P
737 1905 923 1958 Systema.
982 1904 1035 1944 Et
1057 1917 1109 1944 ex
1137 1902 1253 1943 aueco
1274 1915 1448 1952 corpore
1473 1902 1506 1942 S
1520 1903 1719 1958 auctaque!
1737 1905 1840 1946 adeo
1860 1907 1985 1960 ‘ipsius

445 1961 483 2000 vi
503 1960 725 2012 centripeta
745 1988 756 2005 ‚
790 1973 810 1998 a
838 1972 916 2013 qua
943 1971 1099 1999 errores
1126 1957 1306 2011 corporis
1336 1958 1378 1997 P
1403 1957 1604 2004 oriuntur,
1636 1958 1808 1999 evadent
1828 1973 1984 2003 errores

445 2015 499 2055 illi
530 2027 669 2054 omnes
700 2013 884 2066 (paribus
910 2012 1127 2063 distantiis)
1156 2014 1326 2063 majores
1353 2012 1394 2051 in
1418 2010 1497 2050 hoc
1525 2012 1612 2051 casu
1632 2025 1752 2065 quam
1773 2013 1812 2054 in
1835 2015 1985 2064 altero,
2018 2056 2021 2059 ,

431 2068 512 2109 ‘ubi
533 2080 678 2121 corpus
697 2067 729 2107 S
744 2067 897 2108 circum
916 2067 1091 2120 Systema
1110 2077 1329 2118 corporum
1345 2065 1394 2104 P·
1407 2065 1446 2103 δέ
1469 2065 1509 2105 T
1519 2066 1746 2106 revolvitur.

500 2122 622 2163 Corol.
656 2136 713 2173 14.
771 2121 878 2162 Cum
904 2131 1037 2161 autem
1065 2120 1169 2160 vires
1197 2119 1331 2165 NM,
1373 2118 1491 2167 ML,
1520 2120 1588 2159 ubi
1615 2132 1760 2173 corpus
1780 2121 1984 2174 S'longin-

447 2189 572 2229 quum
601 2175 683 2222 est,
720 2176 793 2216 sint
822 2175 1128 2229 quamproxime
1158 2183 1202 2215 ut
1229 2174 1286 2214 vis
1315 2173 1399 2213 SK
1425 2173 1466 2212 &
1495 2175 1597 2213 ratio
1620 2175 1708 2214 PT
1721 2173 1769 2213 ad
1791 2175 1868 2215 ST
1887 2189 1986 2217 con-

446 2229 742 2280 jun&im‚—h0c
771 2229 856 2277 est,
894 2229 921 2269 si
949 2229 1067 2269 detur
1095 2239 1185 2269 tum
1206 2227 1386 2286 distantia
1415 2226 1519 2274 PT,
1547 2238 1633 2268 tum
1662 2229 1844 2280 corporis
1871 2229 1901 2269 S
1929 2230 1987 2270 vis

445 2283 640 2330 absoluta,
670 2294 711 2323 ut
743 2283 820 2323 ST
843 2284 923 2324 cub.
950 2284 1181 2336 reciproce;
1220 2281 1294 2321 sint
1314 2281 1457 2322 'autem
1484 2282 1587 2321 vires
1611 2283 1691 2322 illae
1711 2281 1841 2330 NM,
1883 2283 1986 2323 ML

445 2340 567 2381 causae
588 2350 770 2379 errorum
795 2338 841 2379 ἅτ
869 2335 1087 2380 effectuum
1106 2335 1290 2379 omnium
1308 2336 1360 2378 de
1383 2335 1528 2390 quibus
1547 2334 1678 2378 astum
1691 2335 1746 2378 est
1773 2337 1824 2431 ὴὲ
1835 2350 1986 2431 praege-

1829 2400 1908 2431 enti
1938 2403 1987 2433 us
2034 2433 2037 2435 i
