2079 3033
406 173 755 219 PRINCI'PIA
783 174 1337 219 MATHEMATICA.
1576 193 1650 232 375

1668 260 1824 290 L1szn
1853 285 1862 289 e

237 292 734 336 PROPOSITIO
772 292 877 334 XIII,
935 292 1531 337 THEOREMAXIII.
1671 298 1858 333 Tannus<

111 376 314 427 Planetae
339 388 569 425 moventur
590 375 638 424 iu
654 374 893 442 Ellipstbus
905 375 1161 425 umbilicum
1177 376 1435 426 habentibus
1448 377 1495 425 iu
1506 389 1652 425 centro

179 446 313 506 Solis,
353 445 413 497 &⁹
442 444 581 492 radiis
614 445 680 492 ad
709 458 909 492 centrum
941 444 1060 493 illud
1081 446 1220 494 dubiis
1251 465 1382 516 araus
1404 445 1654 507 describunt

180 513 446 582 temporibus
459 512 828 581 proportionales.

166 654 461 707 Di'sputavimus
489 654 607 706 supra>
631 653 682 693 de
709 652 769 693 his
794 653 968 694 motibus
997 668 1048 696 ex
1065 654 1354 698 P'haenomenis.
1407 658 1494 711 Jam
1516 656 1655 711 cogni„

113 708 161 749 tais
194 719 378 748 motuum
406 708 608 761 principiis
626 736 638 754 ‚
674 720 725 748 ex
757 706 817 746 his
845 707 1068 759 colligimus
1097 721 1229 751 motus
1257 712 1441 752 coelestes
1468 727 1489 752 a
1516 711 1652 765 priori,

114 762 318 816 Quoniam
346 761 524 816 pondera
552 762 806 802 Planetarum
835 761 875 801 in
901 760 1040 801 Solem
1066 762 1154 802 sunt
1174 764 1381 815 reciproce
1402 776 1445 805 ut
1463 765 1653 817 quadrata

113 816 382 856 distantiarum
409 830 431 856 a
456 826 597 856 centro
616 815 739 862 Solis3
770 813 800 854 fi
821 815 889 856 Sol
908 815 1131 868 quiesceret
1152 816 1194 856 δε
1216 817 1390 858 Planetae
1409 819 1550 871 reliqui
1569 832 1653 858 non

115 880 278 923 agerent
307 870 349 911 in
375 870 410 911 se
431 880 597 916 mutuo,
625 869 760 910 forent
779 870 898 910 orbes
916 882 1059 910 eorum
1076 868 1276 923 Elliptici,
1305 870 1440 912 Solem
1460 872 1501 911 in
1523 872 1652 912 umbi-

38 947 43 949 >
112 924 191 965 lico
218 925 423 965 communi
450 925 659 971 habentes,
689 924 729 963 &
755 936 857 964 areae
875 923 1195 965 describerentur
1213 925 1463 978 temporibus
1480 938 1650 978 propor-

113 979 278 1019 tionales
309 987 402 1032 (per
421 978 542 1033 Prop.
563 992 595 1018 1.
617 978 657 1018 δε
675 991 748 1024 XI,
778 978 819 1017 &
839 977 978 1018 Corol.
1000 991 1032 1019 1.
1052 978 1174 1031 Prop.
1193 991 1305 1019 x111.
1325 979 1417 1019 Lib.
1435 979 1482 1030 I.)
1511 979 1653 1020 Aetio*

110 1044 179 1072 nes
207 1042 340 1072 autem
368 1032 628 1073 planetarum-
650 1033 690 1072 in
719 1032 757 1071 se
776 1041 919 1071 mutuo
939 1033 1170 1085 perexiguae
1189 1034 1277 1073 sunt
1309 1036 1369 1083 (ut
1387 1033 1538 1086 possint-
1554 1046 1652 1074 con-

112 1086 262 1137 temni)
291 1085 333 1124 &
359 1095 491 1126 motus
521 1087 770 1126 planetarum
798 1086 839 1125 in
861 1084 1069 1138 Ellipfibus
1088 1086 1192 1126 circa
1210 1086 1345 1127 Solem
1365 1087 1557 1127 mobilem
1577 1088 1658 1128 mia-

66 1150 72 1152 *
109 1151 182 1179 nus
209 1138 442 1192 perturbant
470 1141 558 1193 (per
576 1139 695 1192 Prop.
717 1138 935 1180 va1.Lib‚
953 1139 1000 1190 L)
1028 1153 1148 1193 quam
1175 1139 1356 1181 fi-motus
1374 1140 1433 1181 isti
1452 1141 1558 1182 circa
1578 1141 1652 1183 So-

108 1193 187 1233 lem
208 1193 482 1245 quiescentem
504 1203 803 1246 peragerentur.

166 1246 285 1286 Ac'tio
312 1246 478 1299 quidem
499 1247 610 1300 Jovis
637 1247 677 1287 in
703 1247 916 1288 Saturnum
944 1260 1026 1288 non
1062 1246 1118 1288 est
1146 1249 1315 1290 omnino
1340 1249 1652 1291 contemnenda.

109 1300 214 1341 Nam
251 1300 417 1352 gravitas
450 1300 490 1340 in
522 1301 668 1353 Jovem
707 1300 763 1340 est
800 1301 850 1340 ad
887 1301 1122 1353 gravitatem
1158 1302 1200 1342 in
1229 1303 1364 1343 Solem
1393 1303 1566 1354 (paribus
1588 1304 1650 1344 di-

110 1353 276 1401 stantiis)
307 1365 350 1393 ut
382 1367 398 1392 1
428 1354 477 1393 ad
508 1368 635 1402 10333
666 1353 851 1407 adeoque
878 1354 920 1393 in
946 1354 1229 1407 conjunffione
1253 1356 1366 1407 Jovis
1396 1356 1437 1396 ἃ
1465 1356 1623 1398 Saturni
1634 1385 1661 1404 ‚⁷-

112 1409 302 1462 quoniam
329 1406 509 1447 distantia
534 1407 691 1448 Saturni
728 1420 749 1447 a
778 1407 883 1458 Jove
911 1407 966 1446 est
995 1408 1045 1448 ad
1071 1407 1296 1449 distantiam
1322 1408 1481 1450 Saturni
1505 1424 1526 1450 a
1555 1410 1649 1451 Sole

109 1463 195 1503 fere
223 1471 266 1502 ut
292 1476 319 1513 4
344 1461 393 1500 ad
423 1475 444 1513 9
468 1489 480 1508 ,
519 1461 595 1502 erit
621 1460 790 1514 gravitas
816 1460 975 1501 Saturni
1007 1462 1049 1502 in
1072 1459 1218 1513 Jovem
1244 1462 1295 1502 ad
1322 1462 1556 1515 gravitatem
1583 1464 1648 1504 Sa·

111 1515 218 1556 turni
252 1514 293 1555 in
330 1514 464 1555 Solem
498 1526 542 1555 ut
584 1515 627 1555 81
668 1513 727 1555 adv
757 1517 804 1553 16
832 1520 874 1556 ><
903 1527 997 1563 1033
1036 1515 1103 1556 seu
1136 1529 1152 1554 1
1179 1516 1229 1556 ad
1256 1529 1337 1567 204
1361 1516 1542 1557 circiter*⁰¹
1589 1517 1647 1558 Et

109 1569 203 1610 hinc
245 1568 373 1609 oritur
418 1568 673 1621 perturbatio
707 1567 814 1608 orbis
850 1568 1015 1608 Saturni
1044 1569 1087 1609 in
1125 1569 1282 1621 singulis
1322 1570 1496 1610 Planetae
1530 1570 1653 1622 hujus-

109 1635 207 1663 cum
223 1620 326 1673 Jove
352 1621 697 1673 conjunctionibus
723 1621 828 1660 adeo
852 1620 1036 1661 sensibilis
1064 1631 1108 1661 ut
1138 1622 1187 1661 ad
1213 1622 1382 1663 eandem
1410 1623 1653 1665 Astronomir

107 1676 296 1717 haereant.
351 1675 433 1715 Pro
463 1675 573 1725 vario
610 1675 682 1714 s1tu
717 1673 894 1714 Planetae
928 1674 971 1713 in
1004 1674 1064 1714 his
1091 1674 1458 1725 conjunffionibus,
1486 1676 1643 1719 Eccen=

108 1728 265 1771 tricitas‘
295 1727 378 1780 ejus
404 1741 510 1769 nunc
537 1738 705 1782 augetur
731 1740 836 1768 nunc
863 1727 1102 1768 diminuitur
1122 1757 1133 1775 ‚
1172 1729 1390 1781 Aphelium
1416 1742 1521 1770 nunc
1548 1744 1642 1784 pro-

109 1793 295 1824 movetur
324 1794 431 1823 nunc
460 1782 567 1823 forte
594 1781 827 1828 retrahitur,
858 1781 899 1820 δε
924 1781 1080 1822 medius
1107 1792 1239 1822 motus
1269 1795 1339 1836 per
1367 1782 1473 1824 vices
1491 1786 1644 1825 accele-

108 1847 217 1877 ratur
247 1836 288 1876 &
314 1835 549 1876 retardatur:
605 1836 730 1876 Error
756 1845 891 1875 tamen
917 1835 1047 1875 omnis
1073 1835 1114 1875 in
1140 1846 1254 1876 motu
1281 1836 1362 1888 ejus
1388 1838 1540 1878 circum
1569 1837 1644 1878 So-

107 1892 187 1931 lem
211 1903 232 1929 a
260 1899 367 1929 tanta
395 1888 433 1928 vi
452 1889 643 1930 oriundus
674 1893 961 1941 (praeterquam
989 1888 1029 1927 in
1056 1899 1170 1929 motu
1199 1890 1358 1935 medio)
1389 1891 1527 1931 evitari
1554 1892 1641 1932 fere

108 1943 239 1998 potest
273 1942 552 1983 constituendo
586 1943 820 1984 umbilicum
844 1941 1077 1983 inferiorem
1107 1942 1229 1984 Orbis
1256 1943 1336 1996 ejus
1365 1945 1406 1984 in
1431 1946 1638 1986 communi

110 2006 251 2038 centro
283 1996 482 2047 gravitatis
500 1996 622 2049 jovis„
640 1998 680 2037 &
707 1995 807 2036 Solis
836 1996 925 2047 (per
952 1994 1072 2049 Prop.
1099 2010 1220 2038 van.
1248 1997 1341 2038 Lib.
1368 1997 1416 2047 L)
1448 1998 1488 2037 δε
1518 2010 1641 2051 prop-

111 2062 219 2092 terea
246 2049 312 2089 ubi
338 2050 531 2090 maximus
558 2051 612 2103 est
630 2080 642 2097 ‚
680 2050 748 2090 vix
775 2049 929 2100 superat
957 2049 1108 2090 minuta
1136 2050 1220 2092 duo
1251 2051 1387 2104 prima.
1443 2050 1498 2091 Et
1524 2065 1638 2093 error

110 2104 305 2146 maximus
331 2103 371 2142 in
402 2114 517 2144 metu
545 2105 679 2145 med-io
707 2103 774 2143 vix
800 2103 957 2154 superat
985 2103 1136 2145 minuta
1163 2104 1246 2145 duo
1272 2105 1398 2157 prima
1423 2107 1637 2153 annuatim,

110 2160 153 2201 in
192 2156 473 2209 conjunctione
511 2169 641 2199 autem
670 2156 783 2210 Jovis
820 2155 862 2195 &
900 2155 1057 2197 Saturni
1095 2159 1305 2210 gravitates
1343 2160 1642 2200 acceleratrices

107 2211 213 2257 Solis
239 2212 281 2252 in
311 2210 543 2258 Saturnum,
568 2212 677 2262 jovis
705 2211 746 2252 in
770 2209 982 2250 Saturnum
1009 2210 1051 2250 &
1071 2210 1181 2264 jovis
1210 2214 1250 2252 in
1279 2212 1414 2253 Solem
1442 2212 1530 2254 sunt
1558 2212 1643 2254 fere

111 2287 155 2318 ut
198 2281 273 2324 16,
316 2281 360 2317 81
401 2277 443 2317 &
480 2270 662 2337 ¹Q5x²4¹¹
702 2275 769 2316 seu
810 2275 994 2327 124986‚
1037 2277 1220 2332 adeoque
1258 2278 1482 2319 differentia
1519 2277 1646 2331 gravi-

111 2349 240 2381 tatum
278 2340 378 2382 Solis
415 2340 455 2381 in
493 2338 707 2381 Saturnum
734 2339 775 2380 &
800 2338 911 2392 Jovis
940 2340 980 2381 in
1010 2339 1223 2382 Saturnum
1251 2339 1307 2380 est
1334 2339 1383 2380 ad
1413 2337 1658 2442 gr·avit}tem·

1562 2402 1659 2430 ovis-
