2079 3033
395 133 742 200 PRINCIPiA
783 153 1338 199 MATHEMATICA.
1556 159 1625 205 ως

84 238 128 279 &
149 236 321 278 maxima
339 236 383 277 fit
407 235 473 278 ubi
494 234 662 290 Apfides
690 234 841 275 suntin
869 235 1059 289 Syzygiis.
1116 236 1157 276 Si
1185 235 1356 289 Apfides
1384 233 1624 276 constituan-
1642 248 1774 279 Lm„

85 303 151 334 tur
181 293 222 332 in
249 291 536 345 Quadratum,
565 289 668 330 ratio
697 301 824 342 prope
854 290 1024 343 Apfides
1051 291 1185 331 minor
1215 290 1272 331 est
1292 291 1332 331 δε
1359 302 1486 343 prope
1505 289 1628 344 Syzy-
1646 291 1811 320 ramus·

85 347 169 401 gias
197 346 321 397 major
349 358 470 404 quam
508 343 706 397 duplicata
744 343 1015 385 distantiarum
1033 373 1044 391 ‚
1072 346 1113 385 &
1142 347 1193 386 ex
1220 345 1374 386 ratione
1399 345 1462 385 illa
1491 345 1630 397 majori

85 402 217 442 oritur
238 400 366 453 Augis
398 403 530 440 motus
557 397 825 439 velociffimus
843 428 855 446 ‚
893 399 953 439 uti
977 400 1050 447 jam
1080 399 1233 440 dicium
1253 399 1319 440 est.
1375 400 1433 439 At
1452 398 1480 439 fi
1501 400 1629 440 confi-

72 456 257 496 'deretur
294 453 665 509 ratio‘incrementi
694 453 758 493 vel
786 453 1036 494 decrementi
1067 454 1189 494 totius
1219 455 1260 494 in
1290 452 1494 508 progreffu
1523 453 1629 495 inter

87 509 281 560 Apfides,
308 507 394 547 haec
408 507 540 547 minor
569 507 626 547 est
655 520 777 560 quam
798 507 998 560 duplicata
1029 508 1313 549 distantiarum.
1371 508 1443 550 Vis
1472 507 1512 547 in
1543 509 1629 561 Ap-

86 562 168 604 side
189 562 267 604 ima
285 562 340 602 est
359 561 409 602 ad
427 561 510 601 vim
530 561 571 600 in
591 561 740 614 Apside
765 562 916 602 summa
944 563 986 603 in
1014 563 1171 615 minore
1194 575 1314 617 quam
1342 559 1543 617 duplicata
1570 576 1631 602 ra-

87 619 197 659 tione
229 615 421 657 distantiae
451 614 610 669 Apfidis
638 616 803 656 summae
829 615 878 656 ab
897 617 1088 657 umbilico
1116 616 1309 669 Ellipseos
1336 617 1386 658 ad
1407 615 1630 658 distantiam

85 671 243 724 Apfidis
270 671 361 710 imae
390 670 438 711 ab
466 669 614 710 eodem
634 669 848 710 umbilico:
881 671 920 709 &
948 683 971 710 e
997 681 1160 715 contra,
1190 670 1256 710 ubi
1287 671 1457 723 Apfides
1485 670 1631 711 consti-

84 735 252 767 tuuntur
270 725 312 765 in
339 724 540 778 Syzygsts,
568 724 626 764 vis
646 724 687 765 in
712 722 867 778 Apfide
894 724 973 763 ima
992 723 1047 765 est
1065 724 1113 763 ad
1136 724 1217 763 vim
1246 724 1287 763 in
1309 725 1459 776 Apfide
1479 725 1632 765 summa

85 780 128 822 in
153 780 302 832 majore
331 792 451 833 quam
471 779 670 832 duplicata
691 779 844 819 ratione
871 777 1158 818 distantiarum.
1215 777 1321 817 Nam
1339 779 1441 818 vires
1460 778 1566 818 LM
1589 780 1631 831 in

86 833 350 888 Quadraturis
379 833 527 874 additae
557 833 706 874 viribus
734 833 916 886 corporis
943 832 983 872 T
1004 841 1256 886 componunt
1278 833 1380 872 vires
1409 832 1449 872 in
1477 833 1632 881 ratione

87 889 243 929 minore
265 916 277 934 ‚
308 888 347 927 &
376 888 477 929 vires
507 887 554 927 K
562 886 598 926 L
616 887 657 929 in
687 887 866 942 Syzygiis
895 886 1098 940 subdueiae
1127 886 1275 927 viribus
1305 886 1490 939 corporis
1509 886 1549 926 T
1570 900 1633 926 re-

83 943 270 996 linquunt
300 943 403 983 vires
432 942 473 982 in
502 942 658 983 ratione
697 943 858 996 majore.
917 941 986 982 Est
1013 941 1136 995 igitur
1173 941 1276 981 ratio
1308 941 1558 982 decrementi
1591 942 1634 981 ὃς

84 996 324 1037 incrementi
353 997 498 1044 totius,
523 997 564 1037 in
593 995 756 1037 transitu
784 997 888 1037 inter
917 996 1110 1049 Apfides,
1141 996 1305 1036 minima
1334 996 1375 1036 in
1405 994 1635 1049 Qadratu-

1853 201 1879 211 -ι

15 1070 19 1073 ’
83 1051 161 1098 ris,
189 1050 362 1090 maxima
381 1052 422 1091 in
446 1051 646 1111 Sypygiis:
679 1051 720 1090 &
751 1061 965 1104 propterea
992 1051 1033 1091 in
1056 1049 1218 1090 tranfitu
1246 1049 1444 1102 Apfidum
1474 1063 1501 1110 a·
1525 1049 1634 1103 Qua-

85 1104 258 1145 draturis
286 1104 336 1144 ad
364 1105 782 1158 Syzyglasrperpetuo
811 1115 979 1157 augetur
999 1133 1010 1152 ,
1037 1114 1240 1158 augetque
1271 1103 1634 1145 Excentrimtatem

86 1159 308 1213 Ellipseos;
338 1158 461 1213 inque
492 1158 653 1199 tranfitu
671 1173 693 1199 a
722 1159 902 1212 Syzygiis
920 1158 970 1198 ad
997 1159 1271 1213 Quadraturas
1290 1170 1488 1213 perpetuo
1518 1157 1636 1199 dimi-

87 1214 225 1255 nuitur
240 1242 251 1259 ‚
276 1213 325 1253 δε
346 1212 719 1254 Excentricitatem-
729 1214 928 1254 diminuit.

143 1268 266 1309 Corol.
299 1281 357 1307 10.
405 1267 463 1308 Ut
481 1268 679 1308 rationem
706 1269 883 1308 ineamus
908 1280 1093 1309 errorum
1121 1268 1161 1309 in
1182 1267 1484 1317 Latitudinem,
1513 1271 1638 1325 finga=

91 1334 180 1363 mus
208 1322 371 1374 planum
396 1320 674 1361 Orbis-1EST
693 1321 900 1362 immobile
927 1335 1111 1370 manere;
1151 1323 1191 1363 δε
1222 1336 1274 1363 ex
1300 1336 1486 1365 errorum
1512 1337 1637 1379 expo-

90 1375 159 1417 fita
188 1374 299 1415 causa
331 1374 580 1415 manifestum
599 1374 676 1421 est,
706 1375 840 1428 quod,
871 1389 923 1417 ex
941 1377 1087 1417 viribus
1119 1377 1247 1424 NM,
1278 1377 1399 1425 ML,
1427 1392 1518 1432 quae
1549 1381 1637 1422 sunt

38 1456 39 1459 =
91 1430 204 1471 causa
233 1429 293 1469 illa
323 1438 406 1468 tota
429 1457 440 1476 ,
488 1429 546 1469 vis
577 1428 677 1468 ML
707 1428 865 1481 agendo
891 1429 1046 1481 semper
1076 1431 1297 1470 secundum
1325 1432 1484 1482 planum
1515 1434 1636 1475 Orbis

93 1481 239 1524 PAR
260 1512 270 1529 ‚
298 1496 503 1536 nunquam
540 1482 746 1536 perturbat
775 1492 909 1523 motus
937 1482 979 1522 in
1005 1482 1286 1523 Latitudinem
1307 1500 1320 1526 ς
1358 1485 1551 1539 quodque
1579 1488 1637 1528 vis

93 1537 146 1579 N
150 1539 205 1578 M
213 1567 224 1585 ‚
250 1537 317 1577 ubi
337 1537 450 1577 Nodi
468 1538 556 1577 sunt
575 1538 614 1579 in
640 1537 841 1591 Syzygiis,
867 1535 1026 1589 agendo
1048 1538 1167 1576 etiam
1188 1537 1406 1577 secundum
1427 1539 1537 1580 idem
1558 1540 1638 1581 Or·-

92 1592 151 1633 bis
170 1593 352 1645 planum,
381 1604 463 1631 non
492 1590 698 1642 perturbat
717 1591 790 1629 hos
819 1601 976 1633 motus;
1009 1590 1075 1629 ubi
1103 1603 1200 1629 vero
1225 1590 1375 1630 suntin
1406 1595 1636 1645 Qadratu-

91 1647 144 1688 ris
162 1659 231 1686 eos
250 1646 422 1685 maxime
440 1644 667 1696 perturbat,
695 1643 921 1696 corpusque
951 1643 993 1681 P
1012 1641 1065 1681 de
1084 1643 1201 1695 plano
1222 1642 1342 1683 Orbis
1361 1644 1417 1686 sui
1436 1658 1636 1701 perpetuo

94 1696 314 1745 trahendo,
344 1698 488 1738 minuit
507 1696 807 1738 inclinationem
835 1696 940 1750 plani
958 1697 998 1737 in
1025 1696 1189 1737 tranfitu
1206 1698 1388 1751 corporis
1406 1713 1428 1740 a
1457 1702 1639 1755 Quadra-

95 1755 193 1796 turis
218 1753 268 1793 ad
297 1752 505 1805 5yzygia-s,
535 1762 735 1806 augetque
764 1750 932 1791 vieiffim
961 1748 1132 1792 eandem
1155 1751 1196 1792 in
1224 1745 1386 1793 transitu
1406 1768 1427 1794 a
1456 1755 1639 1811 Syzygiis

92 1809 143 1851 ad
173 1807 457 1862 Quadraturas.
513 1805 635 1846 Unde
663 1806 708 1846 fit
736 1815 782 1846 ut
819 1818 990 1859 corpore
1020 1805 1062 1846 in
1097 1806 1276 1861 Syzygiis
1305 1806 1500 1850 existente
1525 1812 1638 1852 incli-

33 1874 34 1877 ’
94 1864 204 1905 natio
232 1861 371 1902 evadat
400 1861 582 1900 omnium
612 1860 776 1901 minima
798 1889 810 1908 ‚
858 1860 1078 1913 redeatque
1110 1860 1160 1901 ad
1187 1861 1366 1915 priorem
1393 1864 1638 1918 magnitudi-

94 1931 189 1960 nem
208 1915 391 1962 circiter,
421 1915 488 1955 ubi
507 1925 653 1969 corpus
672 1914 722 1955 ad
748 1914 915 1955 Nodum
936 1914 1168 1968 proximum
1187 1915 1356 1956 accedit.
1404 1919 1462 1958 At
1482 1918 1510 1959 fi
1528 1920 1639 1962 Nodi

94 1971 383 2014 constituantur
410 1969 451 2008 in
480 1969 715 2010 Ociantibus
742 1970 829 2023 post
848 1969 1123 2023 Quadraturas
1137 2001 1146 2015 ,
1174 1970 1215 2011 id
1236 1970 1314 2018 est,
1338 1971 1442 2012 inter
1462 1973 1499 2014 C
1512 1973 1553 2013 &
1572 1974 1638 2023 A,

97 2030 147 2067 ‘D
167 2026 205 2065 δε
227 2025 286 2069 B,
315 2023 555 2075 intelligetur
574 2037 623 2064 ex
651 2023 778 2064 modo
805 2022 992 2076 expofitis
1021 2025 1132 2077 quod
1152 2054 1163 2072 ‚
1191 2025 1232 2065 in
1261 2025 1423 2066 transitu
1454 2029 1637 2081 corporis

99 2082 142 2122 ‘P
166 2094 186 2120 a
215 2077 339 2119 Nodo
368 2078 559 2118 alterutro
588 2078 637 2118 ad
665 2079 836 2132 gradum
862 2078 957 2118 inde
984 2079 1304 2132 nonagefimum,
1332 2079 1539 2122 inclinatio
1558 2084 1638 2136 pla-

101 2136 141 2177 ni
166 2142 362 2187 perpetuo
390 2132 604 2179 minuitur3
635 2131 785 2174 deinde
813 2133 854 2173 in
880 2132 1042 2174 tranfitu
1060 2146 1131 2185 per
1159 2135 1365 2187 proximos
1382 2148 1433 2185 45
1463 2135 1608 2189 gradus
1627 2166 1639 2182 ,

101 2190 224 2241 usqfle
243 2186 292 2227 ad
312 2185 604 2239 Quadraturam
623 2187 871 2240 proximam,
898 2187 1103 2229 inclinatio
1123 2198 1316 2241 augetur,
1347 2188 1387 2229 δι’.
1407 2190 1543 2244 postea
1569 2191 1642 2233 de-

102 2256 185 2285 nuo
209 2242 250 2282 in
279 2239 440 2280 transitu
460 2254 530 2293 per
565 2242 661 2281 alios
690 2255 739 2293 45
768 2241 912 2295 gradus
930 2271 941 2289 ,
970 2243 1093 2297 usque
1121 2243 1170 2283 ad
1189 2243 1359 2284 Nodum
1382 2245 1611 2296 proximum
1629 2274 1642 2292 ,

101 2295 350 2339 diminuitur.
411 2294 703 2350 Magisitaque
729 2295 967 2337 diminuitur
987 2297 1209 2339 inclinatio
1234 2311 1355 2351 quam
1383 2311 1570 2353 augetur,
1598 2301 1640 2339 δε

103 2362 316 2407 propterea
344 2349 477 2390 minor
511 2349 568 2391 est
594 2351 749 2405 semper
776 2351 819 2393 in
844 2350 970 2446 Νὶοζάο
994 2351 1256 2407 subsequente
1281 2365 1401 2408 quam
1426 2354 1468 2395 in
1492 2366 1642 2407 praece-

945 2417 968 2444 2
1507 2407 1645 2449 dente⁰
