2079 3033
389 147 744 195 PRINCIPIA
783 119 1338 191 MATHEMATICA.
1598 170 1644 207 53

153 241 277 282 Corol.
310 253 341 280 1.
400 238 466 279 Ex
507 235 630 276 tribus
669 231 889 274 noviffimis
917 233 1259 288 Propositionibus
1288 235 1536 289 consequens
1565 241 1642 290 est,
1673 250 1799 282 Lmen

99 296 211 350 quod
242 294 269 334 fi
297 305 442 347 corpus
471 288 641 345 quodvis
661 288 724 335 P,
753 287 987 330 secundum¹
1002 291 1147 332 lineam
1165 290 1343 345 quamvis
1361 291 1509 334 rectam
1530 288 1671 345 PR,P
1682 299 1815 320 RRRRRR

97 361 337 404 quacunque
366 359 457 388 cum
479 343 693 385 velocitate
711 351 829 384 exeat
850 342 1013 388 deloco
1035 345 1097 393 P,
1123 345 1165 386 &
1185 345 1224 386 vi
1245 346 1464 400 centripeta
1485 362 1576 404 quae
1594 352 1641 392 fit

97 404 306 458 reciproce
334 399 642 456 proportionalis
670 396 868 452 quadrato
897 396 1090 440 distantiae
1120 400 1303 441 locorum
1333 413 1355 440 a
1383 412 1525 444 centro
1545 435 1556 453 ‚
1593 406 1641 447 fi-

96 459 179 500 mul
207 459 378 512 agitetur
401 472 411 501 ;
443 452 673 494 movebitur
703 452 782 493 hoc
811 464 958 506 corpus
986 454 1028 494 in
1057 453 1188 508 aliqua
1215 454 1435 497 sectionum
1465 457 1640 502 Conica-

94 525 185 554 rum
213 509 445 553 umbilicum
473 507 646 549 habente
673 507 715 547 in
745 516 888 548 centro
916 508 1061 549 virium
1079 508 1162 556 ;-&
1192 520 1344 551 contra.
1401 511 1508 553 Nam
1538 514 1639 557 datis

93 566 283 609 umbilico
303 564 344 605 δε
367 562 518 618 puncto
538 560 744 603 contactus
765 560 808 602 δε
836 561 1033 615 positione
1062 564 1281 618 tangentis,
1310 564 1479 607 describi
1509 571 1640 621 potest

92 620 211 662 sectio
249 618 406 660 Conica
443 630 534 672 quae
570 626 823 657 curvaturam
862 616 996 658 datam
1031 618 1082 658 ad
1118 618 1312 671 punctum
1339 619 1436 661 illud
1463 621 1637 668 habebit.

93 674 222 716 Datur
250 681 385 715 autem
405 681 616 714 curvatura
638 684 689 711 ex
705 670 798 711 data
815 670 854 711 vi
876 672 1119 725 centripeta:
1152 672 1192 712 &
1212 672 1342 714 Orbes
1372 674 1455 717 duo
1484 676 1523 718 se
1549 692 1645 722 muw

93 739 164 771 tuo
193 738 424 783 tangentes,
455 727 599 768 eadem
627 726 668 766 vi
696 725 1118 778 centripeta-describi
1146 738 1228 767 non
1257 727 1428 780 poffunt.

144 783 268 826 Corol.
298 798 335 824 2.
394 781 435 824 Si
465 781 678 828 velocitas,
707 792 881 834 quacum
911 792 1056 834 corpus
1086 781 1169 821 exit
1198 781 1250 821 de
1279 781 1372 821 loco
1399 782 1469 823 suo
1499 787 1561 834 P,
1591 803 1637 831 ea

89 838 136 879 fit
155 868 168 886 ,
196 851 274 892 qua
301 837 447 879 lineola
478 837 520 876 P
539 837 579 876 R
609 836 647 875 in
679 834 844 875 minima
873 835 1002 889 aliqua
1031 835 1224 889 temporis
1250 835 1442 889 particula
1469 838 1638 884 describi

90 891 232 947 poffit,
262 891 305 933 δε
334 892 394 932 vis·
421 891 643 944 centripe-ta
671 889 776 943 potis
806 889 851 929 fit
881 890 1030 931 eodem
1050 900 1235 944 tempore
1255 902 1402 943 corpus
1420 890 1531 934 idem
1551 908 1640 937 mo·

90 959 185 989 vere
212 959 284 1001 per
313 946 480 1001 spatium
507 945 623 1003 QR:
653 943 881 985 movebitur
910 944 989 985 hoc
1008 957 1156 998 corpus
1174 945 1214 985 in
1234 943 1391 985 Conica
1410 946 1538 1002 aliqua
1557 950 1639 992 sec-

90 1032 201 1074 tione
223 1066 233 1081 ‚
274 1031 519 1084 cujus>1atus
557 1029 956 1084 rectumprincipale
986 1029 1042 1072 est
1069 1030 1265 1085 quantitas
1292 1030 1355 1072 illa
1385 1000 1513 1107 ‘’GL-I}
1549 1049 1640 1091 quae

89 1118 233 1159 ultimo
258 1117 304 1159 fit
332 1117 401 1159 ubi
430 1117 588 1158 lineolae
609 1118 723 1162 PR,
752 1114 852 1173 QR
870 1117 911 1157 in
929 1116 1130 1157 infinitum
1150 1115 1441 1161 diminuuntur.
1499 1120 1641 1163 Circu-

87 1173 171 1214 lum
196 1172 237 1213 in
267 1172 326 1213 his
355 1171 588 1212 Corollariis
615 1171 749 1211 refero
779 1170 829 1211 ad
850 1170 1033 1226 Ellipfin,
1061 1170 1264 1214 &casum
1278 1172 1439 1227 excipio
1459 1175 1528 1218 ubi
1547 1190 1638 1218 cor-

88 1239 161 1280 pus
189 1226 301 1269 recia
325 1226 532 1268 descendit
563 1224 614 1266 ad
643 1234 841 1267 centrum.

282 1406 702 1452 PROPOSITIO
741 1410 872 1454 XIV.
930 1410 1338 1455 THEOREMA
1375 1411 1460 1456 VI!

90 1527 143 1579 Si
176 1543 363 1599 corpora
380 1532 522 1601 plura
548 1533 838 1582 revolvantur
876 1532 997 1581 circa
1035 1546 1235 1582 centrum
1276 1552 1503 1586 commune
1521 1577 1532 1598 ‚
1574 1538 1635 1590 θ’

158 1599 227 1648 vis
262 1601 509 1666 centripeta
533 1602 601 1660 stt
636 1602 860 1665 reciproce
896 1601 945 1645 in
968 1600 1200 1664 duplicata
1225 1602 1399 1650 ratione
1420 1605 1636 1668 distantiae

158 1666 350 1715 locorum
388 1685 420 1714 a
455 1680 600 1716 centro
613 1693 626 1728 ,-
664 1667 760 1716 dico
786 1665 908 1733 quod
924 1664 1111 1736 Orbium
1135 1666 1312 1717 Latera
1346 1671 1471 1720 refla
1496 1675 1636 1742 prin-

159 1734 328 1804 cipalia
355 1739 464 1794 sunt
499 1736 548 1785 in
570 1735 801 1804 duplicata
825 1735 998 1785 ratione
1022 1753 1237 1786 arearum
1264 1757 1374 1805 quas
1421 1757 1632 1810 corpora,

160 1803 303 1854 radiis
340 1805 407 1853 ad
437 1819 637 1857 centrum
673 1805 840 1869 duciis,
881 1805 1030 1856 eodem
1066 1819 1264 1876 tempore
1299 1808 1564 1874 describam⁶

147 1974 273 2022 Nam,
301 1987 373 2028 per
390 1975 530 2033 Corol.
552 1992 586 2019 2.
605 1977 724 2032 Prop.
741 1991 854 2020 x111.
876 1976 1002 2020 Latus
1023 1978 1178 2021 rectum
1199 1979 1245 2020 L
1259 1981 1409 2035 aequale
1428 1982 1484 2023 est
1516 1997 1640 2037 quan-

21 2076 25 2078 *
93 2061 198 2103 titati
225 2028 355 2149 g}
381 2075 471 2117 quae
499 2063 644 2104 ultimo
672 2063 717 2104 fit
746 2064 814 2106 ubi
842 2075 992 2107 coeunt
1021 2063 1164 2118 punita
1196 2067 1239 2106 P
1259 2067 1300 2107 &
1319 2066 1373 2125 Q
1427 2068 1508 2110 Sed
1535 2070 1639 2113 linea

91 2147 254 2189 minima
283 2148 324 2204 ,Q
341 2148 403 2195 R,
433 2148 529 2189 dato
559 2159 743 2205 tempore
762 2179 774 2198 ‚
802 2149 858 2190 est
887 2160 930 2192 ut
959 2151 1017 2193 vis
1045 2151 1269 2206 centripeta
1297 2165 1491 2205 generans
1510 2184 1539 2203 ,ν
1559 2156 1638 2198 hoc

93 2231 151 2273 est
187 2241 281 2286 (per
309 2232 589 2288 Hypothefin)
627 2236 837 2290 reciproce
874 2246 920 2278 ut
958 2237 990 2278 S
1015 2238 1056 2279 P
1086 2252 1122 2292 q.
1188 2237 1302 2292 Ergo
1331 2206 1563 2330 {gs-{sest
1591 2252 1636 2284 ut
1679 2237 1687 2239 ⁴

93 2316 405 2374 QquSPq
436 2320 516 2362 hoc
543 2321 599 2362 est
617 2351 629 2370 ‚
662 2322 760 2365 latus
791 2321 944 2365 rectum
973 2322 1014 2364 L
1042 2325 1085 2366 in
1119 2323 1329 2379 duplicata>
1351 2328 1508 2370 ratione
1535 2340 1639 2369 areae

90 2370 328 2430 QTXSP.
383 2373 571 2434 QEU‘D

913 2472 958 2514 G
986 2488 1018 2522 Ξμ
1508 2478 1632 2522 Corol.
