2079 3033
670 127 1188 175 PRAEFATIO.

152 205 276 260 igitur
293 206 495 249 *Cometas
520 203 564 248 in
592 205 842 248 Sestionibus
882 208 1047 249 Conieis
1084 208 1295 250 umbilicos
1332 207 1374 248 in
1413 215 1556 248 centro
1592 207 1693 250 Solis

152 261 389 310 habentibus
430 261 613 308 moveri,
659 261 701 301 δε
738 262 857 303 radiis
895 261 945 302 ad
987 263 1122 303 Solem
1155 261 1281 304 duciis
1306 274 1413 302 areas
1444 263 1692 315 temporibus

153 314 470 369 pmportionales
507 314 743 358 describere.
815 315 881 357 Ex
920 315 1025 356 hisce
1059 329 1155 358 vero
1193 315 1474 357 Phaenomenis
1513 317 1694 356 manifes-

152 378 241 410 tum
268 370 323 410 est
351 370 393 410 δε
419 368 710 411 Mathematice
739 369 1058 424 comprobatur,
1104 373 1205 411 vires
1235 371 1341 417 illas,
1370 369 1512 424 quibus
1543 370 1694 410 Come-

153 433 206 464 tae
235 425 456 464 retinentur
485 423 527 463 in
553 423 693 464 orbitis
718 424 817 471 suis,
846 424 1043 477 respicere
1072 424 1207 465 Solem
1237 424 1280 464 ὃς
1306 423 1384 465 effe
1409 424 1618 478 reciproce
1647 434 1692 464 ut

152 478 345 531 quadrata
364 475 633 519 distantiarum
662 477 710 518 ab
735 478 852 532 ipsius
879 488 1035 519 centro.
1100 476 1313 519 Gravitant
1342 478 1478 532 itaque
1503 478 1691 518 Cometae

150 532 193 572 in
219 530 352 571 Solem
375 550 383 571 :
423 542 543 584 atque
569 532 676 573 adeo
702 533 804 573 Solis
833 533 890 574 vis
917 531 1120 573 attrafflva
1146 545 1229 573 non
1257 540 1413 573 tantum
1441 531 1693 585 adcorpora

149 585 401 627 Planetarum
421 585 462 625 in
481 585 582 626 datis
601 586 793 627 distantiis
814 587 855 627 <Sc
881 587 922 628 in
947 587 1094 627 eodem
1122 585 1206 626 fere
1233 587 1353 639 plano
1380 586 1596 632 collocata,
1624 585 1694 626 sed

149 638 270 678 etiam
288 638 335 679 ad
357 638 549 680 Come-tas
567 640 607 680 in
630 640 896 681 diversissimis
923 640 1139 682 Coelorum
1168 640 1396 692 regionibus
1424 640 1465 679 &
1491 640 1533 680 in
1559 639 1714 690 diver--

145 690 300 733 fiffimis
320 692 513 734 distantiis
532 693 680 747 positos
697 695 903 748 pertingit.
964 694 1071 734 Haec
1092 694 1214 747 igitur
1233 693 1289 733 est
1307 702 1444 732 natura
1474 706 1694 744 corporum

144 746 435 798 gravitantium
453 771 468 794 ‚·
491 757 534 788 ut
555 748 658 789 vires
679 749 762 790 suas
784 748 906 789 edant
927 748 977 793 ad
999 760 1139 788 omnes
1160 747 1359 787 distantias
1386 746 1427 785 in
1450 747 1582 786 omnia
1602 760 1693 788 cor-

143 812 249 853 pora
286 801 530 854 gravitantia.
587 802 683 843 Inde
721 815 819 844 vero
853 803 1060 856 sequitur,
1105 801 1283 842 planetas
1312 800 1353 841 δε
1382 799 1574 845 Cometas
1607 801 1693 841 uni-

151 854 285 895 versos
303 855 342 895 se
362 867 503 896 mutuo
524 856 700 903 trahere,
730 857 771 896 ὅτ.
795 857 841 898 vin
869 858 907 897 se
936 867 1079 898 mutuo
1109 869 1247 908 graves
1276 854 1381 895 esse:
1430 853 1541 906 quod
1573 854 1693 896 etiam

148 907 411 950 confirmatur
430 923 481 950 ex
500 910 801 963 perturbatione
822 910 933 963 Jovis
965 911 1005 951 &
1033 910 1210 957 Saturni,
1243 908 1496 967 Astrononiis
1523 920 1615 968 non·
1629 909 1693 948 in-

152 963 314 1015 cognita
334 992 345 1010 ,
375 964 414 1003 δε
444 963 492 1003 ab
522 964 741 1005 actionibus
767 965 913 1006 horum
943 965 1197 1006 planetarum
1222 964 1263 1004 in
1291 964 1329 1003 se
1357 964 1530 1003 invrcem
1559 974 1695 1002 oriun-

153 1016 226 1062 da;
256 1018 353 1070 quin
381 1017 421 1057 δε
449 1030 499 1057 ex
526 1027 640 1059 motu
665 1018 733 1059 illo
762 1018 977 1059 lentissimo
1006 1019 1200 1071 Apfidum
1219 1047 1229 1065 ‚
1258 1018 1328 1071 qui
1356 1018 1470 1070 supra
1497 1028 1694 1057 memora-

152 1079 215 1110 tus
235 1071 314 1116 est,
343 1071 492 1125 quique
512 1086 532 1112 a
552 1073 663 1115 causa
684 1072 877 1113 consimili
899 1072 1177 1126 proficiscitur.
1242 1111 1245 1112 γ

206 1123 270 1164 Eo
289 1124 452 1165 demum
475 1126 727 1179 pervenimus
747 1136 791 1167 ut
810 1126 1029 1167 dicendum
1048 1126 1115 1174 fit,
1148 1126 1186 1167 ἃ
1210 1124 1383 1166 Terram
1417 1125 1457 1165 δε
1485 1125 1619 1167 Solem
1649 1125 1693 1165 &

151 1191 323 1231 corpora
346 1180 479 1220 omnia
506 1180 685 1221 coelestia
704 1211 714 1228 ‚
750 1193 839 1235 quae
870 1180 1005 1221 Solem
1026 1181 1269 1221 comitantur
1291 1209 1301 1227 ‚
1334 1180 1371 1220 se
1402 1189 1544 1221 mutuo
1574 1189 1693 1221 attra-

147 1232 257 1273 here.
314 1233 571 1287 Singulorum
592 1248 690 1288 ergo
711 1235 914 1288 particulae
933 1248 1106 1289 quaeque
1124 1236 1300 1276 minimae
1320 1234 1422 1275 vires
1439 1234 1524 1274 suas
1544 1245 1690 1274 attrac-

151 1287 249 1326 tivas
275 1287 500 1335 habebunt,
537 1301 610 1342 pro
637 1290 858 1342 quantitate
887 1291 1063 1330 materiae
1094 1290 1312 1348 pollentes;
1344 1289 1693 1341 quemadmodum

149 1340 264 1394 supra
292 1341 344 1382 de
372 1341 646 1383 Terrestribus
673 1343 871 1384 ostensum
901 1343 967 1387 est.
1023 1343 1066 1384 In
1100 1342 1261 1384 diversis
1298 1353 1432 1383 autern
1471 1341 1662 1383 distantiis
1681 1373 1693 1390 ,

151 1404 269 1435 erunt
300 1396 340 1435 δε
368 1396 508 1437 harum
538 1398 639 1438 vires
663 1397 704 1439 in
730 1398 930 1452 duplicata
966 1399 1124 1439 ratione
1154 1396 1424 1438 distantiarum
1453 1396 1660 1449 reciproce
1684 1410 1693 1437 :

150 1461 241 1489 nam
262 1462 315 1490 ex
332 1451 531 1503 particulis
551 1451 624 1491 hac
656 1452 743 1505 lege
770 1452 1017 1493 trahentibus
1042 1452 1235 1503 componi
1266 1450 1416 1491 debere
1444 1449 1601 1491 Glo-bos
1627 1464 1697 1492 ea-

151 1502 245 1543 dem
265 1504 353 1555 lege
376 1504 576 1544 trahentes
590 1533 601 1550 ‚
630 1504 921 1544 Mathematice
942 1505 1248 1544 demonstratur.
1526 1527 1528 1529 >

206 1554 497 1601 Conclrufiones
525 1556 801 1608 praece-dentes
829 1557 924 1596 huio
961 1557 1187 1601 innituntur
1228 1556 1434 1596 Axiornati
1466 1586 1477 1603 ,
1533 1558 1645 1610 quod
1673 1573 1695 1600 a

149 1609 265 1649 nullis
295 1621 377 1648 non
407 1609 599 1660 recipitur
628 1608 907 1661 Philosophis;
955 1606 1188 1649 Effefi'cuum
1227 1609 1377 1649 scilicet
1413 1609 1590 1661 ejusdem
1627 1625 1696 1665 ge-

148 1662 276 1708 neris,
305 1674 480 1716 quorum
499 1674 644 1712 nempe
663 1674 754 1714 quae
774 1662 1073 1715 cognoscuntur
1102 1662 1368 1716 proprietates
1398 1663 1555 1705 eae-dem
1583 1665 1696 1714 sunt,

150 1715 309 1765 easdem
334 1715 412 1756 esse
438 1714 569 1756 causas
595 1715 637 1755 &
667 1715 826 1756 easdem
854 1715 932 1758 effe
961 1717 1224 1770 proprietates
1258 1730 1350 1770 quae
1385 1718 1567 1759 nondum
1595 1733 1695 1774 cog-

149 1770 381 1812 noscuntur.
456 1769 559 1822 Quis
594 1770 702 1810 enim
739 1770 898 1811 dubitat
920 1800 931 1818 ,
979 1770 1007 1811 fi
1043 1770 1228 1812 Gravitas
1264 1771 1309 1811 fit
1347 1771 1459 1812 causa
1485 1771 1694 1814 descensus

150 1824 316 1878 Lapidis
339 1825 382 1872 in
412 1823 571 1876 Europa
592 1853 603 1871 ,
646 1824 742 1877 quin
780 1824 923 1866 eadem
958 1824 1004 1865 fit
1032 1826 1144 1866 causa
1172 1824 1380 1866 descensus
1408 1826 1449 1866 in
1479 1827 1695 1870 America?

150 1878 193 1920 Si
227 1877 412 1919 Gravitas
448 1888 584 1919 mutua
621 1877 742 1918 fuerit
777 1878 882 1919 inter
918 1878 1120 1933 Lapidem
1157 1879 1198 1919 &
1226 1879 1398 1921 Terram
1428 1880 1470 1920 in
1496 1881 1694 1936 Europag

151 1932 246 1987 quis
268 1933 427 1985 negabit
453 1942 632 1973 mutuam
664 1931 742 1973 effe
768 1933 809 1973 in
845 1933 1026 1974 America
1056 1935 1076 1976 ἒ
1128 1932 1170 1973 Si
1200 1933 1257 1974 vis
1295 1933 1499 1976 attractiva
1528 1936 1696 1989 Lapidis

153 1987 196 2027 δε
222 1986 366 2027 Terrae
400 1996 688 2040 componatur,
716 1987 758 2027 in
788 1986 976 2041 Europa,
1005 2001 1057 2029 ex
1082 1987 1231 2028 viribus
1256 1987 1471 2029 attrafiiv'is
1497 1991 1695 2042 partium;

152 2040 241 2094 quis
271 2040 430 2093 negabit
455 2040 622 2081 similem
649 2039 728 2081 effe
753 2041 1088 2094 compositionem
1116 2042 1157 2082 in
1184 2041 1403 2082 America?
1445 2042 1486 2083 Si
1512 2043 1695 2090 attrastio

152 2095 296 2136 Terrae
322 2094 370 2134 ad
402 2095 534 2135 omnia
563 2107 781 2147 corporum
819 2108 965 2148 genera
1000 2095 1041 2136 &
1079 2095 1128 2135 ad
1159 2108 1299 2136 omnes
1328 2095 1527 2137 distantias
1553 2109 1698 2150 propa-

154 2160 270 2202 getur
297 2148 338 2188 in
367 2148 558 2202 Earopcm
606 2148 749 2202 quidni
779 2150 926 2202 pariter
954 2150 1165 2203 propagari
1192 2149 1371 2190 dicamus
1399 2151 1441 2190 in
1472 2151 1659 2192 America
1682 2153 1695 2191 ἓ

152 2204 196 2244 In
223 2203 296 2243 hac
331 2202 488 2255 Regula
529 2202 720 2243 fundatur
757 2203 890 2244 omnis
930 2203 1217 2256 Philosophia:
1269 2204 1417 2256 quippe
1443 2217 1522 2258 qua
1550 2206 1696 2246 sublata

153 2256 250 2296 nihil
277 2255 474 2297 affirmare
501 2256 690 2310 poffimus
730 2257 782 2296 de
822 2257 1036 2298 Universis.
1093 2257 1340 2297 Constitutio
1372 2272 1506 2299 rerum
1533 2259 1698 2312 singula-

154 2323 243 2352 rum
272 2310 482 2352 innotescit
508 2324 580 2365 per
607 2311 918 2354 Observationes
948 2311 989 2351 δε
1019 2312 1339 2366 Experimenta:
1371 2312 1466 2355 inde
1495 2326 1592 2354 vero
1615 2326 1699 2369 non

974 2379 997 2407 c
1628 2366 1700 2408 nili
