2079 3033
411 167 484 207 152
709 147 1203 196 PHILOSOPHIAE,
1228 146 1668 199 NATURALIS

217 247 379 280 DsMoru
401 233 527 326 ιἀὶιιῐῇπέ
541 261 552 280 ,
590 231 775 284 adeoque
800 228 956 269 eaedem
980 226 1069 268 sunt
1093 238 1140 267 ac
1165 224 1195 267 fi
1218 239 1241 267 a
1265 239 1437 281 corpore
1455 226 1699 269 intermedio
1725 239 1940 273 manarent.

224 291 400 320 Convonum‘
456 320 463 326 .
530 320 537 328 ⁸
555 287 617 327 {D-

412 288 750 394 Qthuoniam
774 335 864 376 data
891 334 947 374 est
977 334 1096 375 ratio*
1113 333 1513 389 distantiaecorporis
1541 335 1724 376 utriusvis
1755 348 1778 375 a
1803 348 1943 385 centro

417 396 484 437 ino
514 391 719 435 communi
755 391 804 430 ad
842 388 1286 440 distantiam‘corporis
1324 389 1501 442 ejusdem
1537 404 1557 428 a
1592 402 1764 442 corpore
1793 391 1946 440 altero,

417 449 574 490 dabitur
600 445 702 486 ratio
728 443 894 497 cujusvis
913 442 1114 496 potestatis
1144 441 1334 483 distantiae
1364 444 1479 484 unius
1506 444 1555 484 ad
1582 444 1752 484 eandem
1779 445 1947 497 potesta-

419 513 503 543 tem
537 499 733 540 distantiae
770 497 960 541 alterius;
1007 505 1052 536 ut
1082 496 1123 536 δε
1151 497 1252 537 ratio
1274 497 1503 551 quantitatis
1539 496 1705 549 cujusvis
1725 525 1737 544 ,
1781 509 1872 550 quae
1900 511 1954 540 ex

419 568 497 596 una
525 553 704 595 distantia
730 552 769 593 δε
800 549 1085 606 quantitatibus
1114 549 1215 590 datis
1241 563 1447 605 utcunque
1482 550 1714 597 derivatur,
1749 550 1799 591 ad
1827 563 1953 604 quan-

418 610 575 650 titatem
609 608 755 654 aliam,
800 617 890 659 quae
928 617 979 645 ex
1018 605 1139 645 altera
1175 604 1424 646 distantia&
1454 605 1740 658 quantitatibus
1778 604 1954 647 totidem

417 664 520 704 datis
544 663 757 714 datamque
783 661 888 700 illam
923 657 1192 698 distantiarum
1221 660 1419 700 rationem
1447 659 1497 699 ad
1536 659 1689 712 priores
1719 658 1955 700 habentibus

418 717 596 757 similiter
630 715 844 756 derivatur.
911 712 1091 753 Proinde
1118 710 1260 761 stvis,
1305 727 1382 766 qua
1407 724 1552 766 corpus
1586 725 1714 753 unum
1751 712 1800 752 ab
1829 713 1955 754 altero
2013 743 2016 744 ν

420 771 609 817 trahitur,
638 769 683 809 fit
711 766 861 808 dirette
890 767 952 808 vel
981 765 1133 806 inverse
1163 776 1207 806 ut
1235 767 1416 807 distantia
1445 778 1663 819 corporum
1690 765 1739 806 ad
1758 766 1957 814 invicem;

419 825 484 865 vel
509 831 553 864 ut
579 822 766 877 quaelibet
797 821 910 874 hujus
931 819 1123 860 distantiae
1153 820 1322 871 potestas
1345 837 1355 865 ;
1398 821 1457 860 vel
1487 820 1662 872 denique
1687 828 1733 859 ut
1761 821 1960 871 quantitas

451 878 570 919 uaevis
618 890 671 917 ex
712 876 786 916 hac
824 873 1005 915 distantia
1041 873 1083 912 &
1123 873 1407 925 quantitatibus
1445 872 1546 912 datis
1584 871 1959 927 quomodocunque

420 892 628 973 derivata:
668 930 742 970 erit
770 929 912 969 eadem
934 927 1017 972 vis,
1054 939 1132 978 qua
1153 939 1301 979 corpus
1328 926 1438 966 idern
1466 926 1527 966 ad'
1544 938 1762 976 commune
1790 928 1961 979 gravita-

421 987 471 1027 tis
510 996 693 1027 centrum
731 983 900 1023 trahitur
920 1009 931 1028 ‚
976 978 1128 1020 direfte
1157 979 1300 1020 itidem
1338 980 1402 1020 vel
1440 980 1594 1020 inverse
1623 988 1667 1019 ut
1694 980 1876 1033 corporis
1906 989 1966 1020 at-

423 1039 536 1087 traffi
555 1037 734 1080 distantia
763 1051 783 1076 a
812 1045 954 1077 centro
984 1034 1050 1074 illo
1080 1033 1311 1080 communi,
1342 1034 1405 1074 vel
1435 1044 1480 1074 ut
1509 1033 1650 1074 eadem
1670 1032 1863 1073 distantiae
1891 1032 1965 1074 hu.

418 1093 480 1147 jus
497 1093 667 1146 potestas
688 1120 698 1138 ,
736 1092 798 1131 vel
828 1088 1003 1139 denique
1032 1100 1074 1127 ut
1105 1087 1304 1140 quantitas
1332 1100 1384 1127 ex
1402 1087 1476 1128 hac
1504 1086 1683 1127 distantia
1714 1086 1756 1126 &
1786 1087 1963 1141 analogis

452 1145 708 1188 uantitatibus
740 1145 841 1185 datis
867 1142 1042 1184 similiter
1071 1141 1257 1181 derivata.
1315 1139 1414 1181 Hoc
1449 1141 1506 1181 est
1527 1171 1536 1186 ‚
1573 1139 1647 1181 Vis
1675 1139 1870 1181 trahentis
1899 1153 1964 1182 ea-

421 1161 520 1244 {ilem
542 1201 615 1242 erit
634 1200 727 1241 Lex
744 1197 924 1253 respeff'tu
941 1194 1133 1237 distantiae
1152 1194 1369 1248 utriusque.
1424 1196 1483 1248 Q
1502 1194 1552 1236 Ε.
1569 1194 1630 1234 D

555 1305 918 1350 PROPOSITJ
936 1303 1134 1358 QLXH.
1181 1301 1568 1347 PROBLEMA
1597 1301 1835 1346 XXXVIII.

427 1389 668 1456 Corporum
692 1386 877 1434 duorum
903 1402 998 1449 quae
1023 1381 1200 1430 Viribus
1233 1381 1455 1446 quadrato
1488 1378 1830 1441 distantiae'suae
1853 1384 1970 1431 reci-

486 1472 623 1524 proce
637 1450 1040 1521 proportionalibus
1056 1454 1110 1509 se
1133 1462 1280 1497 mutuo
1307 1450 1521 1510 trahunt,
1561 1466 1613 1496 ac
1636 1448 1690 1497 de
1714 1449 1813 1498 locis
1849 1451 1965 1499 datis

494 1523 814 1583 demittuntur,
850 1518 1155 1568 determinare
1181 1519 1347 1568 Motus.
1544 1520 1549 1521 ⁷

478 1619 663 1670 Corpora
701 1617 798 1666 (per
826 1613 1061 1652 Theorema
1089 1611 1372 1660 noviffimum)
1412 1595 1581 1663 perinde
1617 1612 1889 1655 movebuntur
1918 1629 1963 1656 ac

425 1674 452 1715 fi
473 1687 494 1714 a
515 1681 685 1724 corpore
706 1666 825 1706 tertio
839 1670 854 1712 ‚'
877 1666 916 1705 in
942 1665 1147 1704 communi
1174 1664 1377 1715 gravitatis
1396 1664 1777 1712 centrolconstituto
1792 1696 1802 1712 ‚
1835 1668 1963 1709 trahe-

424 1737 594 1770 rentur;
637 1723 677 1761 &
707 1730 889 1760 centrum
919 1717 1014 1758 iilud
1042 1717 1125 1769 ipso
1155 1726 1290 1755 motus
1316 1715 1432 1757 initio
1459 1716 1636 1768 quiescet
1656 1729 1727 1769 per
1746 1719 1965 1773 Hypothe.

424 1782 502 1828 fin3
533 1779 572 1817 82
591 1785 802 1829 propterea
833 1776 928 1825 (per
958 1772 1118 1823 Legum
1147 1769 1364 1821 Corol.4.)
1392 1769 1548 1821 semper
1568 1770 1759 1823 quiescet.
1816 1774 1963 1816 Deter-

423 1831 603 1877 minandi
629 1830 715 1869 sunt
743 1828 863 1880 igitur
891 1835 1024 1865 motus
1051 1836 1267 1876 corporum
1298 1828 1391 1877 (per
1420 1822 1678 1871 Prob.xxv,)
1718 1827 1887 1879 perinde
1914 1844 1961 1871 ac

425 1889 454 1930 fi
479 1901 499 1927 a
525 1884 669 1926 viribus
688 1881 738 1921 ad
766 1890 950 1920 centrum
972 1878 1069 1919 illud
1096 1877 1351 1918 tendentibus
1380 1887 1617 1930 urgerentur
1639 1907 1651 1926 7
1687 1879 1729 1919 δε
1758 1880 1962 1926 habebun-

428 1952 492 1983 tur
511 1948 647 1981 motus
666 1948 883 1988 corporum
903 1934 940 1974 se
960 1942 1102 1974 mutuo
1120 1932 1374 1973 trahentium.
1432 1930 1486 1989 Q
1505 1930 1557 1971 E.
1576 1931 1612 1971 I.

563 2041 967 2088 PROPOSITIO
997 2039 1139 2083 LXIII.
1196 2038 1576 2082 PROBLEMA
1603 2039 1810 2091 XXX1X.

427 2138 664 2194 Corporum
700 2123 886 2172 duorum
925 2140 1021 2188 quae
1043 2118 1218 2166 Viribus
1243 2117 1464 2184 quadrato
1489 2116 1707 2181 distantiae
1719 2125 1816 2179 fitae
1836 2103 1959 2174 reci:

495 2210 624 2254 proce
638 2191 1031 2255 proportionalibus
1046 2192 1100 2247 fe
1125 2201 1270 2236 mutuo
1285 2188 1470 2235 trahunt
1485 2229 1497 2249 ‚
1536 2187 1678 2253 deque
1691 2187 1792 2238 locis
1815 2192 1948 2256 datis,

483 2261 727 2322 secundnm
760 2261 888 2309 dotas
925 2258 1066 2310 refflas
1090 2297 1105 2321 ,
1154 2257 1268 2306 datis
1302 2275 1399 2305 cnm
1433 2255 1749 2308 Velocitatibas
1770 2276 1946 2325 exeunt,

493 2330 795 2380 determinare
828 2328 993 2380 Motus.

1886 2437 1955 2482 Ex
