2079 3033
452 147 802 192 PRINCIPIA
832 147 1390 195 ΜΑΤΙ-ῙΕΜΛΤΙΟΑ.
1653 174 1671 209 3

125 237 261 284 actus,
293 250 314 277 a
342 236 640 288 circumagente
665 247 784 276 manu
815 235 924 276 abi-re
951 247 1143 286 conatur;
1171 238 1212 279 &
1241 249 1391 282 conatu
1410 240 1482 281 suo
1510 241 1675 286 fundam
1690 254 1864 289 Damm-

126 291 349 339 distendit,
377 303 507 343 eoque
533 289 676 330 fortius
705 303 789 344 quo
816 290 983 331 celerius
1013 294 1265 341 revolvitur;
1309 295 1351 334 &
1380 297 1677 350 quamprimum
1692 305 1857 331 rioms„

132 347 369 393 dimittitur,
396 344 537 396 avolat.
594 343 693 385 Vim
713 345 874 385 conatui
894 345 949 385 illi
970 348 1234 396 contrariam,
1261 361 1339 403 qua
1357 349 1482 391 funda
1502 352 1677 405 lapidem

124 401 172 443 ‘in
190 413 351 442 manum
369 408 565 452 perpetuo
591 399 756 440 retrahit
776 400 816 440 &
842 400 884 440 in
914 400 1012 441 orbe
1041 402 1209 449 retinet,
1237 405 1429 458 quoniam
1448 406 1489 446 in
1512 420 1676 451 manum

123 467 206 497 xceu
226 455 330 496 orbis
349 463 535 493 centrum
555 453 763 507 dirigitur,
795 454 1074 508 Centripetam
1094 457 1261 511 appello.
1319 458 1373 499 Et
1404 472 1472 512 par
1501 462 1556 502 est
1574 464 1678 504 ratio

131 520 345 564 corporum
374 508 579 556 omnium,
606 521 697 563 quae
724 509 764 550 in
783 522 927 563 gyrum
947 521 1132 563 aguntur.
1188 510 1400 554 Conantur
1428 528 1473 555 ea
1501 518 1634 558 omnia
1654 533 1676 559 a

131 562 276 605 centris
296 562 456 603 orbium
484 562 701 610 recedere3
734 564 774 603 δε
793 564 864 604 nisi
891 564 987 604 adsit
1009 565 1068 605 vis
1087 566 1217 620 aliqua
1236 569 1398 609 conatui
1427 570 1487 610 isti
1516 584 1676 613 contra-

129 618 185 660 ria
203 647 215 665 ‚
250 630 328 671 qua
355 617 618 657 cohibeantur
640 617 680 657 &
700 618 741 658 in
759 618 923 659 orbibus
942 619 1213 667 retineantur,
1232 634 1433 676 quamque
1451 624 1547 665 ideo
1567 626 1676 668 Cen·

127 672 314 725 tripetam
335 672 513 725 appello,
542 670 706 712 abibunt
725 672 767 712 in
786 672 902 713 retiis
922 674 1036 717 lineis
1059 673 1251 714 uniformi
1272 689 1364 716 cum
1389 689 1515 720 motu.
1573 680 1674 722 Pro-

121 726 277 780 jectile,
308 724 336 765 fi
355 727 392 766 vi
413 724 634 766 Gravitatis
664 726 947 768 destitueretur
964 757 976 775 ,
1015 740 1098 768 non
1118 727 1405 770 deflefieretur
1432 732 1472 772 in
1503 744 1673 783 terram,

126 780 194 822 sed
221 780 264 820 in
291 780 393 821 linea
422 781 527 821 recta
557 780 683 821 abiret
713 781 753 822 in
782 783 944 828 coelos;
976 781 1100 837 idque
1129 782 1320 824 uniformi
1349 798 1441 825 cum
1473 798 1585 828 motu
1605 819 1617 836 ‚
1645 790 1674 831 fi

123 834 253 876 modo
271 835 369 875 aeris
395 834 607 876 resistentia
637 836 858 878 tolleretur.
915 836 994 878 Per
1014 837 1251 889 gravitatem
1283 838 1388 879 suam
1418 840 1631 883 retrahitur
1650 858 1673 884 a

127 889 242 931 cursu
262 888 469 931 refrilineo
488 890 529 930 &
549 889 589 930 in
609 899 756 931 terram
775 900 975 945 perpetuo
1003 891 1203 940 flectitur,
1229 892 1354 947 idque
1373 896 1497 948 magis
1516 898 1575 936 vel
1598 898 1670 937 mi-

125 957 200 986 nus
219 957 293 998 pro
310 944 505 998 gravitate
522 944 586 985 sua
606 946 646 985 &
667 945 881 987 velocitate
902 956 1046 988 motus.
1105 946 1203 1000 Quo
1231 949 1365 988 minor
1386 949 1462 989 erit
1480 949 1563 1002 ejus
1584 965 1671 1004 gra—

125 998 226 1040 vitas
243 1011 317 1051 pro
343 999 566 1053 quantitate
594 1000 772 1040 materiae
791 1001 854 1041 vel
883 1000 1008 1054 major
1037 1001 1225 1042 velocitas
1252 1015 1424 1056 quacum
1442 1004 1672 1057 projicitur,

125 1066 178 1094 eo
206 1053 337 1094 minus
366 1053 542 1094 deviabit
572 1067 593 1093 a
622 1054 738 1095 cursu
768 1055 974 1096 rectilineo
1003 1055 1044 1095 δε
1072 1056 1230 1108 longius
1251 1067 1404 1110 perget.
1454 1057 1494 1099 Si
1514 1058 1673 1103 Globus

125 1107 336 1162 plumbeus
355 1137 367 1156 ,
422 1107 513 1148 data
542 1120 636 1148 cum
665 1109 880 1150 velocitate
906 1109 1125 1151 secundum
1157 1110 1299 1151 lineam
1332 1112 1622 1156 horizontalem
1651 1129 1674 1157 a

126 1162 276 1203 montis
303 1161 464 1215 alicujus
484 1163 636 1204 vertice
665 1163 704 1204 vi
743 1164 915 1218 pulveris
944 1165 1194 1205 tormentarii
1219 1164 1421 1219 projectus
1439 1201 1448 1215 ,
1487 1180 1675 1222 pergeret

122 1217 168 1258 in
186 1218 289 1258 linea
307 1230 428 1258 curva
447 1218 496 1258 ad
515 1216 738 1259 distantiam
756 1218 934 1259 duorum
945 1219 1192 1267 milliarium,
1221 1220 1446 1273 priusquam
1466 1221 1507 1263 in
1526 1233 1676 1265 terram

127 1271 358 1312 decideret:
387 1271 453 1312 hic
473 1272 592 1325 dupla
611 1285 704 1313 cum
733 1274 949 1314 velocitate
980 1273 1089 1326 quasl
1117 1273 1242 1327 duplo
1273 1275 1428 1328 longius
1467 1288 1676 1331 pergeret,

130 1325 171 1366 δε
192 1325 360 1379 decupla
378 1339 471 1366 cum
491 1327 706 1367 velocitate
723 1328 833 1382 quafi
851 1328 1028 1381 decuplo
1048 1328 1229 1382 longius:
1258 1327 1284 1368 fi
1304 1329 1431 1370 modo
1453 1333 1563 1371 aeris*
1580 1333 1675 1374 refi-

126 1379 267 1420 ssentia
286 1381 505 1421 tolleretur.
553 1380 616 1421 *Et
643 1382 833 1435 augendo
859 1383 1117 1423 velocitatem
1143 1383 1280 1436 augeri
1307 1383 1433 1435 posset
1453 1398 1527 1438 pro
1545 1386 1674 1429 lubitu

71 1449 76 1454 ⁴
127 1434 309 1475 distantia
326 1435 368 1475 in
395 1447 515 1489 quam
545 1435 831 1487 projiceretur,
859 1437 900 1477 ἃ
926 1437 1054 1478 minui
1075 1449 1286 1478 curvatura
1304 1438 1420 1478 lineae
1450 1452 1571 1493 quam
1601 1441 1674 1482 de-

127 1488 339 1535 scriberet,
368 1489 423 1529 ita
442 1499 488 1528 ut
506 1489 671 1529 tandem
697 1490 860 1529 caderet
880 1490 929 1528 ad
960 1490 1185 1528 distantiam
1205 1490 1402 1541 graduum
1431 1492 1578 1533 decem
1607 1496 1672 1536 vel

126 1542 291 1595 triginta
320 1543 383 1581 vel
410 1542 650 1594 nonaginta3
680 1542 743 1582 vel
772 1542 894 1582 etiam
923 1551 967 1581 ut
997 1551 1144 1581 terram
1173 1552 1300 1581 totam
1331 1544 1520 1586 circuiret
1549 1548 1673 1598 prius-

123 1608 246 1648 quam
267 1595 452 1639 caderet;
484 1596 548 1633 vel
578 1595 754 1647 denique
781 1604 826 1634 ut
854 1595 896 1634 in
913 1603 1064 1633 terram
1098 1606 1303 1646 nunquam
1322 1597 1506 1645 caderet,
1534 1600 1602 1640 sed
1630 1602 1671 1644 in

122 1648 252 1689 coelos
270 1647 396 1688 abiret
417 1647 459 1686 &
479 1657 595 1687 motu
622 1645 796 1687 abeundi
822 1656 1010 1702 pergeret
1037 1647 1077 1688 in
1104 1646 1316 1688 infinitum.
1374 1649 1428 1690 Et
1448 1652 1590 1694 eadem
1609 1669 1672 1696 ra-

120 1703 233 1744 tione
248 1734 257 1747 ,
285 1715 362 1755 qua
380 1700 591 1754 Projeffile
609 1701 647 1742 vi
668 1701 870 1755 gravitatis
891 1703 931 1743 in
956 1702 1096 1743 orbem
1117 1700 1225 1742 fleffi
1245 1702 1373 1756 posset
1393 1704 1592 1749 &terram
1606 1718 1670 1749 to-

121 1767 204 1798 tam
231 1756 426 1803 circuire,
456 1755 587 1809 potest
625 1755 668 1796 &
697 1755 815 1797 Luna
844 1757 906 1797 vel
935 1756 974 1797 vi
997 1756 1220 1810 gravitatis,
1247 1757 1274 1797 fi
1301 1759 1427 1799 modo
1445 1762 1573 1814 gravis
1602 1763 1671 1813 fit,

121 1812 184 1854 vel
212 1812 552 1865 aliavquacunque
580 1810 648 1858 vi,
683 1823 762 1865 qua
791 1811 832 1852 in
863 1821 1010 1852 terram
1040 1821 1256 1864 urgeatur,
1292 1815 1440 1855 retrahi
1465 1817 1620 1870 semper
1647 1833 1669 1860 a

117 1865 236 1908 cursu
254 1864 460 1907 rectilineo
487 1875 636 1906 terram
662 1865 792 1906 versus
810 1896 821 1914 ,
860 1865 961 1906 &in
981 1865 1120 1906 orbem
1148 1865 1261 1906 suum
1289 1866 1418 1908 flecii:
1451 1870 1491 1909 δε
1521 1871 1667 1926 absque

121 1921 187 1961 tali
207 1920 247 1961 vi
265 1920 382 1960 Luna
400 1920 442 1960 in
462 1920 560 1960 orbe
579 1919 649 1960 suo
668 1920 831 1961 retineri
850 1934 933 1961 non
952 1920 1092 1974 potest.
1122 1919 1229 1961 Haec
1251 1921 1328 1968 vis,
1355 1922 1381 1962 fi
1402 1923 1506 1974 justo
1533 1927 1667 1969 minor

121 1974 217 2016 effet
236 2003 248 2022 ,
274 1987 355 2015 non
374 1973 462 2015 satis
479 1973 662 2015 flecteret
682 1975 843 2015 Lunam
868 1974 920 2015 de
939 1975 1055 2016 cursu
1075 1974 1304 2016 reffilineoz
1335 1976 1360 2016 fi
1386 1976 1491 2029 justo
1520 1977 1665 2033 major,

123 2030 211 2084 plus
232 2028 320 2068 satis
340 2027 543 2077 flecteret,
571 2042 617 2069 ac
638 2029 690 2069 de
719 2029 819 2070 orbe
848 2038 994 2069 terram
1020 2028 1155 2069 versus
1182 2029 1415 2071 deduceret.
1474 2032 1667 2086 Requiri-

125 2094 190 2125 tur
210 2083 380 2137 quippe,
411 2093 455 2124 ut
475 2082 521 2124 fit
544 2082 656 2136 justae
684 2084 998 2137 magnitudinis:
1037 2082 1078 2123 δε
1106 2082 1490 2127 Mathematicorum
1521 2087 1577 2128 est
1605 2090 1666 2131 in-

123 2139 261 2179 venire
284 2137 408 2186 Vim,
446 2151 524 2193 qua
550 2151 695 2192 corpus
721 2138 763 2178 in
794 2138 891 2178 dato
919 2138 1062 2192 quovis
1091 2137 1190 2179 orbe
1220 2138 1310 2179 data
1330 2153 1423 2180 cum
1451 2142 1666 2185 velocitate

123 2201 308 2233 accurate
326 2193 489 2234 retineri
511 2191 629 2245 poffit
651 2212 661 2240 ;
700 2192 741 2233 &
772 2192 939 2234 viciffim
963 2193 1144 2233 invenire
1170 2191 1267 2234 Vim
1297 2195 1555 2238 curvilineam
1575 2227 1586 2245 ,
1623 2198 1665 2239 in

122 2258 241 2300 quarn
264 2259 410 2299 corpus
437 2261 459 2288 e
487 2247 583 2287 dato
602 2248 748 2302 quovis
776 2248 869 2288 loco
889 2247 980 2287 data
997 2260 1090 2287 cum
1113 2247 1324 2288 velocitate
1344 2249 1539 2303 egressum
1558 2265 1578 2291 a
1600 2252 1665 2292 da-

123 2309 163 2339 ta
184 2299 224 2340 vi
241 2298 437 2342 flectatur.
493 2301 564 2342 Est
581 2312 715 2342 autem
743 2303 800 2343 vis
827 2302 941 2355 hujus
961 2302 1194 2354 centripetae
1213 2301 1425 2358 Quantitas
1447 2305 1568 2346 trium
1596 2319 1667 2359 ge-

121 2366 288 2403 nerum,
319 2354 533 2405 Absoluta,
560 2357 864 2406 Acceleratrix,
895 2357 936 2398 &
957 2355 1130 2399 Motrix.

923 2466 963 2505 A
991 2476 1015 2502 2
1486 2466 1665 2509 DEFI-
