2079 3033
404 145 453 193 56
689 132 1175 183 PHILOSOPHIAE
1231 132 1636 181 NATURALIS

326 246 365 266 w
403 228 526 268 latera
544 227 649 269 recia
670 224 898 280 principalia
920 222 1008 263 sunt
1030 222 1216 277 aequalia‚
1243 223 1433 265 velocitas
1452 224 1633 279 corporis
1654 223 1710 266 est
1728 225 1937 280 reciproce

403 293 447 323 ut
465 281 797 337 perpendiculum
816 276 1027 319 demissum
1048 278 1094 319 ab
1114 277 1305 319 umbilico
1324 278 1375 319 ad
1394 288 1637 332 tangentem.

460 337 581 378 Corol.
613 341 645 376 6.
703 334 746 373 In
785 333 1004 380 parabola,
1043 333 1233 374 velocitas
1269 332 1326 372 est
1365 333 1574 387 reciproce
1603 334 1642 374 in
1672 333 1941 387 subduplicata

379 417 382 418 ν
406 392 561 434 ratione
589 389 780 430 di'stantiae
811 388 991 441 corporis
1019 387 1067 427 ab
1095 386 1287 428 umbilico
1315 387 1477 440 figurae;
1507 388 1547 428 in
1576 388 1709 441 Ellipfi
1739 388 1862 441 magis
1880 402 1942 429 va.

405 450 548 492 riatur,
576 445 617 484 in
647 442 885 497 Hyperbola
913 442 1062 488 minus,
1089 454 1209 496 quam
1240 440 1281 480 in
1307 441 1380 482 hac
1401 443 1566 482 ratione.
1623 443 1726 482 Nam
1745 444 1841 496 (per
1859 440 1942 482 Co-

405 501 476 542 rol.
499 515 534 539 2.
557 499 675 539 Lem.
695 499 803 548 xm.)
825 495 1158 551 perpendiculum
1180 494 1388 536 demissum
1410 495 1457 535 ab
1483 497 1674 537 umbilico
1699 497 1749 536 ad
1779 506 1944 549 tangen-

405 566 485 594 tem
515 553 715 594 Parabolae
745 552 799 592 est
828 554 869 592 in
898 550 1172 604 subduplicata
1200 550 1355 591 ratione
1382 549 1587 591 distantiae.
1644 551 1687 591 In
1706 550 1944 605 Hyperbola

399 608 736 662 ‘perpendiculum
756 606 886 646 minus
905 605 1102 653 variatur,
1131 606 1172 646 in
1192 603 1324 659 Ellipfi
1348 606 1484 658 magis.

457 664 580 703 Corol.
611 676 644 711 7.
702 661 755 701 In·
774 659 965 701 Parabola
994 660 1186 714 velocitas
1213 659 1393 713 corporis
1426 660 1477 700 ad
1503 660 1684 715 quamvis
1711 660 1759 700 ab
1787 659 1944 700 umbili-

402 731 453 758 co
484 716 708 757 distantiam
727 744 738 762 ,
775 714 830 755 est
859 715 909 756 ad
938 715 1196 756 velocitatem
1222 714 1403 768 corporis
1433 715 1676 755 revolventis
1705 714 1746 754 in
1775 714 1944 754 Circulo

402 772 451 812 ad
482 771 652 812 eandem
681 784 701 810 a
741 780 883 810 centro
918 769 1169 818 distantiam,
1210 769 1252 809 in
1287 768 1558 822 subduplicata
1593 769 1750 809 ratione
1787 768 1944 809 numeri

401 826 540 867 binarii
567 825 616 866 ad
647 825 873 871 unitatem;
913 823 955 865 in
993 823 1127 878 Ellipfi
1165 823 1300 864 minor
1336 822 1421 870 est,
1466 825 1508 864 in
1547 821 1783 876 Hyperbola
1821 822 1945 874 major

400 894 519 933 quam
548 882 588 922 in
617 880 689 920 hac
719 879 884 920 ratione.
942 879 1047 921 Nam
1074 877 1280 932 perhujus
1302 876 1573 918 Corollarium
1600 876 1846 923 secundum,
1875 890 1942 917 ve-

400 936 539 977 locitas
568 936 608 976 in
636 934 788 975 vertice
815 933 1020 974 Parabolae
1048 933 1104 974 est
1130 933 1171 974 in
1207 932 1282 974 hac
1322 932 1475 972 ratione
1492 962 1504 980 ,
1543 931 1583 971 &
1619 943 1691 984 per
1722 930 1945 971 Corollaria

401 990 509 1031 sexta
536 990 650 1044 hujus
680 989 720 1028 δε
749 987 1036 1042 P1·0pos1tionis
1063 997 1217 1043 quartae
1236 1017 1248 1035 ‚
1285 986 1461 1027 servatur
1494 986 1636 1027 eadem
1664 985 1876 1039 proportio
1905 985 1947 1025 in

403 1044 588 1085 omnibus
607 1043 809 1084 distantiis.
866 1041 980 1083 Hinc
999 1042 1120 1083 etiam
1138 1042 1180 1082 in
1199 1041 1391 1082 Parabola
1410 1041 1600 1081 velocitas
1620 1039 1768 1094 ubique
1787 1038 1947 1092 aequalis

403 1098 461 1140 est
480 1099 685 1140 velocitati
704 1097 885 1151 corporis
904 1097 1146 1137 revolventis
1164 1097 1207 1137 in
1224 1096 1390 1136 Circulo
1410 1094 1460 1135 ad
1479 1093 1688 1135 dimidiam
1708 1093 1946 1141 distantiam,

402 1154 444 1196 in
465 1151 599 1207 Ellipfi
619 1153 751 1193 minor
772 1151 853 1198 est,
880 1151 921 1191 in
941 1150 1179 1204 Hyperbola
1199 1149 1336 1202 major.

460 1209 582 1248 Corol.
614 1207 648 1248 8.
707 1205 911 1247 Velocitas
930 1205 1103 1259 gyrantis
1124 1205 1164 1245 in
1183 1204 1370 1246 Sectione
1388 1205 1526 1257 quavis
1547 1203 1702 1244 Conica
1724 1202 1780 1243 est
1804 1203 1855 1243 ad
1877 1217 1946 1244 ve-

404 1264 611 1304 locitatem
632 1260 806 1315 gyrantis
826 1261 867 1300 in
884 1259 1051 1300 Circulo
1068 1259 1110 1300 in
1128 1258 1308 1300 distantia
1326 1257 1483 1298 dimidii
1513 1258 1644 1298 lateris
1672 1256 1770 1298 reffi
1798 1257 1946 1311 princi-

404 1318 499 1371 palis
516 1315 711 1357 Seffionis
725 1344 735 1361 ‚
763 1324 808 1354 ut
828 1313 1007 1354 distantia
1026 1314 1088 1354 illa
1107 1313 1157 1353 ad
1176 1312 1508 1367 perpendiculum
1528 1312 1576 1352 ab
1594 1311 1787 1352 umbilico
1805 1313 1846 1353 in
1868 1321 1951 1353 tan-

404 1381 568 1425 gentem
590 1367 782 1410 Sefflonis
802 1367 1025 1408 demissum.
1082 1367 1200 1408 Patet
1227 1380 1298 1422 per
1317 1366 1587 1408 Corollarium
1606 1366 1804 1420 quintum.

458 1426 580 1465 Corol.
612 1439 646 1475 9.
703 1421 824 1462 Unde
852 1435 945 1462 cum
978 1423 1076 1475 (per
1104 1420 1244 1462 Corol.
1264 1427 1300 1462 6.
1328 1421 1449 1473 Prop.
1475 1422 1560 1472 1v.)
1588 1420 1776 1462 velocitas
1805 1432 1949 1474 gyran-

403 1479 452 1519 tis
479 1479 521 1519 in
546 1478 624 1517 hoc
653 1475 820 1515 Circulo
849 1475 893 1514 fit
930 1475 980 1513 ad
1019 1476 1280 1514 velocitatem
1312 1475 1486 1527 gyrantis
1523 1475 1563 1514 in
1601 1474 1768 1514 Circulo
1807 1474 1950 1528 quovis

401 1533 478 1573 alio
499 1565 508 1578 ‚
539 1531 746 1584 reciproce
773 1529 815 1568 in
841 1527 1112 1580 subduplicata
1138 1528 1294 1569 ratione
1323 1528 1619 1574 distantiarum3
1651 1528 1720 1568 fiet
1748 1541 1800 1569 ex
1827 1541 1946 1582 aequo

404 1586 592 1626 velocitas
630 1582 805 1635 gyrantis
845 1582 885 1619 in
918 1581 1075 1619 Conica
1112 1581 1285 1621 sefiione
1321 1581 1372 1620 ad
1406 1582 1661 1622 velocitatem
1695 1585 1871 1634 gyrantis
1907 1583 1950 1624 in

403 1639 570 1680 Circulo
598 1636 639 1676 in
666 1634 807 1676 eadem
826 1631 1035 1678 distantia,
1072 1641 1118 1672 ut
1154 1633 1285 1673 media
1322 1634 1630 1686 proportionalis
1664 1634 1770 1673 inter
1803 1636 1949 1675 distan-

406 1694 501 1734 tiam
528 1693 632 1732 illam
662 1699 923 1729 communem
951 1685 993 1726 &
1021 1684 1214 1727 semiffem
1249 1685 1472 1740 principalis
1512 1686 1642 1726 lateris
1679 1685 1776 1727 reffl
1810 1688 1950 1728 sectio-

405 1748 464 1790 nis
477 1777 488 1795 ,
515 1746 565 1786 ad
585 1741 917 1799 perpendiculum
937 1740 985 1781 ab
1005 1740 1198 1782 umbilico
1216 1739 1423 1782 communi
1443 1740 1484 1781 in
1505 1750 1735 1795 tangentem
1762 1742 1947 1783 sefiionis

407 1797 629 1843 demissum.

593 1889 1012 1933 PROPOSITIO
1051 1889 1204 1932 XVII.
1263 1887 1650 1931 PROBLEMA
1684 1888 1765 1931 IX.

411 1979 558 2044 Postto
583 1978 705 2045 quod
732 1979 799 2027 vis
825 1978 1071 2046 centripeta
1092 1977 1161 2042 fit
1196 1977 1416 2045 reciproce
1447 1975 1792 2044 proportionalis
1830 1975 1947 2043 quass

489 2048 617 2096 drato
640 2047 855 2106 distantiae
876 2047 1065 2096 locorum
1088 2066 1117 2095 a
1143 2060 1309 2107 centro,
1348 2046 1409 2098 Ea*
1432 2046 1553 2112 quod
1570 2046 1635 2094 vis
1663 2045 1778 2093 illius
1803 2063 1947 2112 quan-

471 2117 587 2165 zitas
610 2115 807 2176 absoluta
825 2115 893 2180 fit
915 2116 1114 2182 cognita3
1152 2116 1402 2183 requiritur
1438 2115 1587 2164 Linea
1623 2133 1759 2182 quam
1797 2128 1949 2181 corpus

480 2184 716 2246 describit,
753 2186 807 2234 de
839 2186 924 2233 loco
958 2185 1059 2234 dato
1075 2226 1087 2246 ,
1128 2205 1226 2235 cum
1254 2184 1363 2235 data
1397 2185 1627 2235 velocitate
1651 2223 1663 2246 ‚
1703 2182 1948 2245 fi’cimdum
1976 2240 1983 2244 ,

477 2255 641 2303 datam
669 2253 839 2303 rebium
868 2255 1110 2321 egrediens.
1739 2278 1742 2280 ·

469 2347 546 2391 Vis
564 2349 784 2402 centripeta
807 2350 978 2391 tendens
1007 2350 1058 2390 ad
1084 2349 1277 2404 puncium
1304 2348 1336 2389 S
1359 2362 1405 2389 ea
1433 2347 1477 2388 fit
1502 2361 1581 2403 qua
1610 2362 1754 2402 corpus
1777 2359 1806 2403 p
1825 2351 1867 2391 in
1885 2328 1951 2391 or-

415 2403 495 2446 bita
511 2403 648 2458 quavis
665 2404 832 2459 datapq
850 2414 1038 2459 gyretur,
1061 2405 1103 2446 &
1123 2403 1388 2458 cognoscatur
1408 2402 1520 2455 hujus
1540 2404 1728 2446 velocitas
1747 2404 1787 2445 in
1806 2405 1954 2499 100on
