2079 3033
451 139 804 216 PmthPtA
830 164 1384 221 MATHEMATrcA.
1622 196 1700 236 297

147 251 346 306 dispositis
370 253 598 294 constantia.
654 252 791 293 Partes
818 252 1054 295 Mediorum
1089 256 1136 296 A
1156 256 1198 297 δε
1227 256 1267 296 B
1299 255 1453 310 fugiant
1480 258 1520 300 se
1545 271 1688 303 mutuo
1708 265 1809 297 Lmz
1827 269 1847 298 ι·
1866 278 1878 316 g

147 307 421 361 =viribusquae
456 308 529 349 fint
557 306 606 347 ad
641 306 820 347 invicem
848 317 893 348 ut
923 308 963 348 T
983 308 1026 349 &
1055 309 1124 357 V,
1170 310 1246 352 illae
1274 309 1407 353 Medii
1435 312 1468 354 C
1491 313 1686 366 ejusmodi
1705 304 1878 345 SEC⁰¹⁴⁰U⁸⁹

145 361 301 401 viribus
328 361 496 402 omnino
522 359 795 401 destituantur.
852 361 908 402 Et
940 361 968 403 fi
1002 375 1173 416 corpora
1200 375 1374 418 quatuor
1411 369 1573 421 aequalia
1609 371 1686 420 D,

152 415 207 462 E,
226 415 274 462 F,
290 415 327 455 G
346 416 462 456 inhis
481 413 631 455 Mediis
649 423 888 456 moveantur
906 444 918 462 ‚
947 416 1081 470 priora
1099 418 1182 459 duo
1211 419 1261 458 D
1290 419 1339 459 δέ
1362 419 1404 459 Ε
1431 421 1471 462 in
1489 423 1687 475 prioribus

145 468 310 510 duobus
330 475 398 512 <A
416 469 456 509 δε
474 468 514 508 Β
530 497 541 515 ,
570 466 612 507 &
632 468 752 508 altera
770 468 854 509 duo
876 469 921 509 F
932 471 974 511 δε
993 470 1031 510 G
1048 471 1090 511 in
1107 473 1228 513 tertio
1243 473 1285 515 C
1299 493 1310 521 ;
1348 474 1475 529 sitque
1496 477 1687 521 velocitas

146 524 332 576 corporis
352 524 403 563 D
423 522 473 563 ad
489 521 746 563 velocitatem
775 524 953 576 corporis
981 524 1022 564 E
1040 553 1052 572 ,
1090 525 1132 566 δε
1155 527 1344 568 velocitas
1363 529 1545 583 corporis
1572 531 1615 571 F
1634 533 1687 575 ad
1731 566 1734 567 ν

151 577 409 618 velocitatem
436 575 615 628 corporis
644 575 681 615 G
698 605 710 623 ,
755 576 796 616 in
821 577 1092 632 subduplicata
1127 581 1281 622 ratione
1316 581 1461 624 virium
1489 584 1531 624 T
1550 586 1601 626 ad
1628 588 1690 628 vi-

149 644 212 671 res
230 631 300 670 V:
335 629 549 670 resistentia
573 630 755 680 corporis
779 630 830 670 D
855 632 931 672 erit
956 632 1007 672 ad
1036 632 1292 676 resistentiam
1316 637 1499 691 corporis
1523 638 1596 688 E,
1643 641 1688 682 δε

143 683 363 725 resistentia
394 684 576 736 eorporis
604 682 648 722 F
671 683 721 724 ad
751 683 1006 725 refistentiam
1041 689 1221 739 corporis
1251 690 1289 728 G
1309 721 1318 735 ‚
1353 691 1399 732 ‚in
1425 692 1687 736 velocitatum

145 738 304 778 ratione
321 736 542 790 duplicata;
575 736 616 777 ὅτ
635 747 849 791 propterea
869 737 1085 779 resistentia
1110 741 1291 792 corporis
1319 744 1370 782 D
1400 746 1476 785 erit
1506 746 1556 787 ad
1591 749 1686 790 refi-

147 791 331 833 stentiam
363 792 545 845 corporis
578 791 622 831 F
648 801 693 832 ut
718 791 933 833 refistentia
957 793 1137 846 corporis
1164 793 1207 832 E
1231 794 1282 835 ad
1310 795 1566 841 refistentiam
1593 816 1685 845 cor-

145 846 254 900 poris
282 845 330 886 G.
360 845 489 886 Sunto
517 858 690 899 corpora
708 847 757 886 D
775 845 817 885 δε
836 846 879 886 F
893 847 1155 900 aequivelocia
1182 857 1226 888 ut
1244 847 1287 888 ἅτ
1306 861 1477 903 corpora
1500 853 1541 891 E
1561 856 1601 895 &
1620 857 1682 904 (ἲς

146 900 188 941 δι
206 899 393 953 augendo
410 900 642 941 velocitates
672 912 892 953 corporum
914 902 963 941 D
984 902 1023 941 ἃ
1043 901 1087 941 F
1103 902 1144 942 in
1166 903 1322 944 ratione
1341 916 1580 959 quacunque
1598 937 1609 955 ,
1638 923 1684 951 ac

136 953 410 996 diminuendo
428 954 531 994 vires
549 954 833 1007 particularum
861 952 996 995 Medii
1015 954 1055 994 B
1072 956 1113 995 in
1134 957 1275 997 eadem
1294 959 1448 999 ratione
1466 959 1687 1012 duplicata„

135 1008 313 1050 accedet
333 1007 521 1049 Medium
539 1008 580 1047 B
598 1007 650 1048 ad
669 1007 840 1048 formam
858 1008 900 1048 δε
923 1009 1202 1051 conditionem
1224 1009 1359 1052 Medii
1388 1014 1423 1053 C
1443 1025 1517 1066 pro
1537 1014 1687 1064 lubitu,

142 1062 187 1103 δε
211 1063 367 1104 idcirco
393 1061 620 1103 resistentiae
637 1074 857 1115 corporum
875 1063 1086 1117 aequalium
1106 1063 1147 1103 δε
1162 1065 1478 1117 aequivelocium
1507 1068 1549 1108 E
1576 1071 1618 1111 &
1647 1072 1685 1112 G

142 1116 184 1157 in
212 1116 271 1157 his
302 1114 452 1156 Mediis
472 1144 485 1161 ‚
527 1126 728 1170 perpetuo
752 1114 948 1157 accedent
975 1118 1023 1157 ad
1053 1118 1321 1171 aequalitatem
1342 1149 1355 1169 ‚
1392 1122 1446 1162 ita
1475 1132 1518 1162 ut
1547 1137 1684 1168 earum

140 1168 367 1211 differentia
385 1169 527 1210 evadat
552 1170 876 1211 tandemrminor
901 1184 1020 1225 quam
1047 1171 1138 1212 data
1166 1174 1329 1225 quaevis.
1393 1175 1571 1219 Proinde
1590 1192 1684 1222 cum

139 1224 369 1265 refistentiae
386 1236 605 1276 corporum
630 1225 681 1264 D
706 1224 747 1265 δε
773 1224 816 1264 F
836 1224 909 1266 fint
919 1225 1151 1267 adinvicem
1162 1236 1206 1267 ut
1219 1227 1446 1270 resistentiae
1465 1243 1685 1285 corporum

142 1277 186 1318 E
203 1277 245 1318 δε
265 1277 327 1325 G,
352 1278 547 1318 accedent
567 1279 688 1319 etiam
705 1279 768 1318 hae
787 1279 964 1320 similiter
985 1280 1035 1321 ad
1052 1279 1251 1322 rationem
1276 1284 1523 1337 aequalitatis„
1579 1288 1685 1329 Cor-

141 1344 289 1387 porum
305 1331 427 1384 igitur
454 1332 505 1371 D
534 1332 575 1372 &
604 1332 670 1380 F,
704 1332 773 1373 ubi
798 1333 1042 1374 velociffime
1067 1346 1283 1376 moventur
1300 1365 1312 1384 ‚
1347 1337 1575 1381 resistentiae
1594 1341 1684 1383 sunt

144 1387 316 1441 aequales
334 1398 453 1439 quam
471 1386 654 1438 proxime
673 1399 683 1425 τ
724 1387 765 1425 &
784 1396 996 1439 propterea
1015 1399 1109 1427 cum
1137 1388 1351 1430 refistentia
1377 1394 1559 1444 corporis
1580 1396 1624 1435 F
1636 1398 1683 1438 sit

142 1441 186 1482 in
203 1440 402 1493 duplicata
419 1439 573 1480 ratione
591 1439 811 1480 velocitatis
828 1468 840 1487 ,
876 1440 953 1481 er-it
973 1440 1187 1481 resistentia
1214 1444 1394 1496 corporis
1411 1446 1462 1485 D
1480 1446 1521 1487 in
1540 1449 1683 1492 eadem

139 1495 300 1535 ratione
317 1507 436 1548 quam
454 1494 650 1547 proxime.
831 1540 834 1541 ⁷

199 1548 322 1590 Corol.
355 1562 390 1596 3-
420 1548 544 1601 Igitur
579 1547 759 1600 corporis
795 1547 837 1588 in
870 1546 1018 1588 Fluido
1058 1548 1201 1601 quovis
1236 1548 1411 1591 'Elastico
1439 1553 1683 1600 velocissime

143 1603 247 1644 moti
273 1601 416 1642 eadem
441 1602 526 1641 fere
552 1601 608 1639 est
633 1600 849 1640 refissentia
875 1614 921 1640 ac
946 1601 974 1640 fi
996 1612 1129 1653 partes
1154 1601 1288 1643 Fluidi
1312 1604 1460 1646 viribus
1486 1607 1561 1657 suis
1586 1623 1682 1653 cen-

141 1656 299 1707 trifugis
325 1654 634 1694 destituerentur
652 1681 663 1698 ,
699 1653 819 1706 seque
847 1662 990 1693 mutuo
1015 1666 1098 1693 non
1122 1653 1337 1706 fugerent:
1376 1657 1404 1697 fi
1431 1660 1557 1702 modo
1574 1662 1682 1706 Fiui.

143 1709 186 1751 di
212 1710 269 1749 vis
296 1706 462 1748 Elastica
486 1718 539 1746 ex
566 1705 848 1759 particularum
873 1706 1020 1747 viribus
1045 1707 1280 1761 centrifugis
1298 1710 1448 1752 oriatur
1508 1716 1549 1755 δε
1572 1719 1681 1760 velo.

137 1764 239 1805 citas
266 1762 370 1803 adeo
396 1773 538 1814 magna
566 1760 612 1801 fit
640 1769 685 1801 ut
713 1760 818 1802 vires
845 1773 929 1802 non
959 1760 1129 1802 habeant
1155 1761 1243 1803 satis
1269 1765 1462 1819 temporis
1487 1769 1537 1810 ad
1565 1783 1684 1824 agen·-

139 1818 252 1860 dum.

197 1872 320 1911 Corol.
336 1886 373 1921 4.
408 1868 587 1911 Proinde
611 1881 714 1912 ,cum
739 1868 962 1909 refistentiae
989 1868 1173 1911 fimilium
1201 1869 1243 1910 δε
1262 1873 1573 1926 aequivelocium
1592 1892 1682 1922 cor..

139 1937 289 1979 porum
314 1924 355 1964 in
382 1922 529 1963 Medio
556 1922 665 1975 cujus
692 1933 822 1976 partes
849 1923 1037 1963 distantes
1065 1924 1104 1964 se
1126 1934 1269 1965 mutuo
1293 1939 1376 1968 non
1398 1928 1580 1983 fugiunt,
1608 1934 1687 1976 sint

143 1989 190 2020 ut
218 1977 408 2032 quadrata
434 1976 721 2018 diametrorum
745 1994 755 2023 ;
794 1976 882 2017 sunt
909 1977 1030 2016 etiam
1060 1978 1368 2031 aequivelocium
1397 1982 1438 2022 &
1473 1986 1681 2030 celerrime

143 2042 350 2074 motorum
365 2043 586 2091 corporum
606 2031 830 2073 refissentiae
845 2030 888 2070 in
907 2029 1052 2072 Fluido
1070 2030 1242 2075 Elastico
1263 2044 1306 2076 ut
1324 2036 1515 2089 quadrata
1532 2039 1680 2083 diame-

141 2096 297 2128 trorum
316 2097 435 2139 quam
454 2096 648 2136 proxime.
1600 2138 1606 2142 s

199 2140 324 2182 Corol.
356 2153 390 2188 5.
426 2137 481 2178 Et
507 2151 600 2179 cum
629 2151 801 2191 corpora
835 2136 997 2186 fimilia,
1041 2142 1204 2194 aequalia
1231 2143 1272 2184 &
1304 2145 1564 2199 aequivelocia
1584 2181 1594 2195 ,
1638 2150 1680 2191 in

142 2193 297 2236 Mediis
330 2191 507 2245 ejusdem
541 2192 763 2240 densitatis,
802 2205 977 2245 quorum
1005 2197 1208 2246 particulae
1242 2197 1281 2239 se
1316 2209 1460 2240 mutuo
1496 2214 1579 2242 non
1615 2203 1678 2244 fu-

141 2249 279 2303 giunt,
308 2246 384 2287 five
403 2246 604 2299 particulae
621 2247 696 2288 111ae
724 2247 796 2287 sint
824 2246 955 2299 plures
982 2247 1021 2287 &
1052 2249 1226 2292 minores
1243 2281 1255 2300 ‚
1293 2253 1372 2294 five
1394 2256 1603 2307 pauciores
1632 2258 1677 2297 δε

141 2303 310 2354 majores
330 2330 342 2348 ,
387 2300 428 2341 in
457 2301 648 2354 aequalem
684 2299 859 2341 materiae
886 2300 1147 2353 quantitatem
1179 2307 1426 2359 temporibus
1461 2310 1674 2364 aequalibus

140 2356 363 2410 impingant
382 2384 394 2404 ‚
427 2356 545 2410 eique
572 2356 766 2409 aequalem
796 2364 930 2449 molgus
958 2357 1221 2409 quantitatem
1251 2361 1481 2416 imprimant
1498 2393 1510 2412 ,
1549 2363 1589 2402 &
1616 2364 1674 2403 vi·

903 2419 930 2461 p
1547 2429 1583 2457 ei
1618 2429 1673 2459 im
