2079 3033
409 181 491 231 *153
781 173 1284 234 ‘PHILOSOPHIAE
1322 169 1720 216 NATURALIS

209 278 267 308 *DE
287 279 386 307 ΜΘΝ
419 272 497 300 una
515 260 711 302 tendente
727 258 778 298 ad
796 256 839 297 Τ
853 256 894 297 &
914 256 1084 297 oriunda
1102 269 1124 295 a
1136 256 1283 295 'mutua
1300 251 1535 312 attractione
1555 253 1773 304 corporum
1790 255 1880 298 T&
1903 259 1957 300 P,

220 317 407 347 CORPORUM-
422 314 516 356 Hac
535 316 575 356 vi
597 315 675 355 sola
693 325 841 365 corpus
869 312 911 351 P
938 311 1092 352 circum
1113 322 1258 363 corpus
1284 308 1336 356 T,
1366 307 1444 347 sive
1471 315 1689 366 immotum
1710 306 1786 347 five
1805 309 1879 351 hac
1899 323 1959 354 at-

423 368 619 411 traciione
639 367 830 420 agitatum
851 394 863 412 ‚
902 365 1126 406 describere
1155 363 1323 404 deberet
1351 362 1392 402 δε
1422 372 1550 407 arem,
1579 360 1693 400 radio
1721 360 1827 408 PT,
1855 375 1955 408 tem-

418 425 579 479 poribus
597 420 936 476 proportionales,
969 419 1010 460 &
1030 419 1193 474 Ellipsm
1219 415 1518 475 cui‘umbilicus
1547 414 1602 455 est
1628 415 1669 455 in
1698 426 1840 457 centro
1869 432 1957 462 cor.

418 479 524 532 poris
545 480 586 517 Y.
649 476 765 516 Patet
792 476 870 516 hoc
900 487 970 529 per
997 474 1119 527 Prop.
1138 488 1200 515 Χῖ.
1231 472 1274 513 δε
1299 471 1563 530 Corollarlaa
1585 469 1626 510 &
1650 484 1667 517 3
1690 469 1846 512 Theos.
1865 478 1955 516 xxr'.

416 533 490 574 Vis
511 534 632 572 altera
649 530 706 571 est
725 530 968 571 attractionis
988 529 1028 570 L
1043 529 1110 577 M,
1129 541 1219 582 quae
1239 526 1428 581 quoniam
1449 523 1580 565 tendit,
1598 537 1619 564 a
1638 524 1741 565 Pad
1760 525 1958 580 T‚super-

417 585 552 627 addita
573 587 612 626 vi
632 586 755 639 priori
773 585 980 626 coincidet
999 590 1093 626 cum
1114 583 1213 637 ipsa,
1245 583 1286 623 &
1313 581 1365 637 fic
1389 580 1512 629 faciet
1535 588 1710 620 ut'arcae
1737 582 1959 624 etiamnum

417 640 667 694 temporibus
686 639 1004 694 proportionales
1023 638 1293 681 describantur
1312 648 1382 687 per
1398 632 1536 694 Corol.
1549 647 1584 684 3.
1603 633 1760 675 Theor.
1776 647 1871 676 er.
1902 639 1961 677 At

416 696 606 749 quoniam
635 708 719 736 non
747 695 803 735 est
833 693 1031 747 quadrato
1063 693 1256 734 distantiae
1284 689 1376 731 PT
1395 700 1603 749 reciproce
1631 690 1962 742 proportionalis,

415 759 636 803 componet
666 762 710 789 ea
737 761 830 789 cum
860 749 899 788 vi
928 749 1061 801 priore
1089 748 1171 788 vim
1207 747 1255 787 ab
1293 747 1366 786 hac
1395 751 1659 798 proporuone
1690 743 1963 792 aberrantem,
2011 790 2016 794 ,

417 803 548 857 idque
563 817 614 844 eo
633 802 756 856 magis
783 816 865 858 quo
891 802 1017 856 major
1037 802 1093 843 est
1119 801 1332 856 proportio
1360 797 1474 850 hujus
1502 797 1558 837 vis
1589 796 1640 836 ad
1659 798 1742 837 vim
1761 799 1962 850 priorem,

419 859 574 899 caeteris
601 858 768 911 paribus.
829 857 1006 897 Proinde
1044 869 1138 896 cum
1175 858 1272 909 (per
1308 854 1431 904 Prop.
1469 863 1532 890 Χῖ.
1573 850 1615 889 δε
1655 863 1728 911 per
1756 851 1898 893 Corol.
1925 867 1964 894 2.

419 912 576 953 Theor.
594 913 714 963 xxr.)
744 912 802 953 vis
823 924 902 965 qua
921 910 1074 965 Ellipsis
1095 911 1202 950 circa
1223 907 1463 948 umbilicum
1482 902 1527 964 Τ
1543 903 1780 964 descrrbltur
1796 907 1964 956 tendere

418 966 565 1007 debeat
585 967 633 1006 ad
656 965 891 1007 umbilicum
908 966 1017 1005 illum
1031 994 1043 1013 ,
1076 964 1116 1005 ἃ
1137 962 1214 1004 effe
1236 960 1439 1017 quadrato
1473 957 1668 999 distantiae
1687 959 1779 1004 PT
1784 961 1965 1015 recipro-

422 1034 469 1062 ce
487 1021 820 1076 proportionali53
841 1019 899 1061 vis
915 1020 959 1060 il-
1124 1037 1162 1073 E

421 1076 457 1116 la
477 1075 694 1129 composita
708 1106 717 1122 ‚
734 1073 958 1116 aberrando
1018 1037 1121 1276 ί
1436 1061 1477 1101 C
1557 1066 1698 1140 must&

423 1129 471 1170 ab
490 1130 562 1179 hac
589 1129 874 1183 proportione,
903 1128 959 1169 fa·

422 1184 504 1224 ciet
526 1194 567 1224 ut
588 1184 707 1225 orbis
738 1184 873 1225 ‘PAB
894 1184 961 1225 ab-
1236 1166 1368 1214 (c,

413 1248 530 1279 »erret
558 1253 578 1278 a
607 1239 736 1280 forma
769 1237 961 1292 Effipseos
984 1229 1045 1288 Sic
1066 1231 1131 1262 .τ.·.·.·,ἱ
1133 1255 1291 1273 ................
1293 1202 1327 1278 Ll..
1330 1271 1393 1284 .......
1396 1241 1495 1301 52⁶ss
1824 1235 1887 1297 ψῃ

422 1292 657 1334 umbilicum
702 1293 881 1333 habentis
918 1292 965 1334 in'
1030 1291 1041 1356 l
1102 1308 1104 1310 ’
1233 1280 1280 1313 ,A
1388 1309 1428 1349 N
1447 1315 1494 1354 T

423 1345 472 1393 S,
504 1346 628 1401 idque
656 1360 707 1387 eo
734 1347 858 1400 magis
877 1360 960 1401 quo

422 1400 548 1453 major
586 1400 642 1442 est
678 1401 875 1442 aberratio
910 1400 960 1442 ab
1041 1382 1105 1448 (E

419 1454 493 1494 hac
518 1455 781 1507 proportione
802 1474 812 1502 ;
842 1464 962 1508 atque
1447 1466 1485 1495 :D

420 1508 524 1547 adeo
542 1509 661 1549 etiam
684 1521 766 1562 quo
795 1508 920 1561 major
950 1508 1007 1549 est
1033 1509 1246 1563 proportio
1275 1511 1334 1550 vis
1362 1508 1546 1550 secundae
1575 1507 1686 1549 LM
1706 1507 1758 1548 ad
1783 1505 1865 1548 vim
1886 1505 1966 1560 pri-

421 1575 548 1609 mam,
577 1564 730 1603 caeteris
748 1563 917 1616 paribus.
969 1562 1058 1614 Jam
1077 1577 1174 1604 vero
1193 1565 1252 1605 vis
1273 1565 1390 1605 tertia
1410 1564 1524 1611 SM,
1546 1562 1745 1604 trahendo
1757 1574 1903 1614 corpus
1921 1559 1964 1603 P

421 1616 643 1656 secundum
660 1617 804 1655 lineam
829 1616 902 1667 ipfi
928 1615 959 1653 S
971 1615 1013 1655 Τ
1030 1618 1270 1666 parallelam,
1297 1628 1520 1667 componet
1538 1630 1630 1657 cum
1649 1616 1800 1656 viribus
1821 1615 1966 1667 priori—

420 1669 492 1710 bus
512 1669 593 1709 vim
612 1681 702 1723 quae
723 1681 804 1709 non
822 1667 986 1721 amplius
1006 1668 1192 1720 dirigitur
1211 1682 1231 1708 a
1251 1670 1292 1708 P
1310 1670 1351 1709 in
1369 1669 1422 1716 T,
1451 1682 1623 1722 quaeque
1650 1669 1699 1708 ab
1727 1669 1800 1708 hac
1827 1669 1963 1709 deter-

422 1723 641 1763 minatione
670 1732 782 1762 tanto
809 1722 933 1775 magis
964 1721 1147 1770 aberrat,
1180 1731 1333 1776 quanto
1370 1722 1494 1774 major
1524 1724 1579 1763 est
1604 1723 1817 1776 proportio
1848 1722 1962 1775 hujus

423 1778 553 1817 tertiae
582 1776 638 1817 vis
666 1777 716 1817 ad
745 1777 846 1817 vires
874 1776 1047 1828 priores,
1084 1776 1238 1826 caeteris
1266 1776 1446 1830 paribus3
1474 1786 1593 1830 atque
1612 1776 1715 1817 adeo
1734 1789 1824 1830 quae
1843 1777 1964 1819 faciet

423 1841 467 1870 ut
489 1843 634 1883 corpus
653 1831 714 1877 P,
741 1829 857 1870 radio
876 1829 980 1876 TP‚
1004 1843 1109 1870 areas
1130 1843 1212 1870 non
1232 1831 1396 1883 amplius
1415 1831 1663 1884 temporibus
1682 1830 1964 1883 proportiona-

422 1885 477 1924 les
497 1884 714 1931 describat,
741 1894 862 1937 atque
890 1883 1086 1925 aberratio
1111 1884 1158 1924 ab
1187 1884 1259 1924 hac
1286 1885 1660 1937 proportionalitate
1686 1893 1730 1924 ut
1749 1893 1863 1924 tanto
1882 1898 1966 1927 ma-

418 1937 482 1991 jor
503 1937 548 1978 fit
563 1968 572 1985 ,
600 1947 752 1993 quanto
771 1937 897 1990 major
915 1937 973 1978 est
993 1938 1203 1992 proportio
1223 1939 1279 1978 vis
1306 1939 1420 1990 hujus
1448 1938 1576 1979 tertiae
1595 1939 1645 1978 ad
1664 1938 1767 1979 vires
1785 1948 1962 1983 caeteras.

421 1992 541 2032 Orbis
564 2006 661 2033 vero
681 1992 817 2032 PAB
836 1991 1128 2033 aberrationem
1146 2006 1166 2032 a
1182 1992 1312 2033 forma
1329 1992 1514 2046 Elliptica
1533 1992 1698 2046 praefata
1716 1993 1803 2033 haec
1814 1993 1871 2034 vis
1884 2004 1966 2035 ter-

421 2047 472 2086 tia
493 2046 641 2100 duplici
670 2047 722 2087 de
750 2047 861 2087 causa
888 2046 1121 2098 adaugebit,
1145 2056 1236 2087 vturn
1263 2047 1375 2100 quod
1405 2060 1485 2087 non
1516 2047 1708 2100 dirigatur
1728 2060 1749 2087 a
1769 2048 1812 2087 P
1831 2048 1879 2088 ad
1904 2049 1962 2095 T,

382 2101 385 2103 ’
421 2111 507 2140 tum
526 2101 644 2141 etiam
665 2101 776 2155 quod
806 2113 887 2141 non
914 2100 958 2140 sit
987 2101 1196 2153 reciproce
1223 2101 1529 2155 proportionalis
1546 2101 1745 2155 quadrato
1768 2102 1962 2144 distantiae

424 2155 467 2193 P
486 2154 528 2195 T.
589 2156 746 2207 Quibus
762 2154 991 2201 intelleciis‚
1010 2154 1259 2196 manifestum
1277 2155 1332 2196 est
1350 2155 1463 2208 quod
1482 2168 1583 2196 areae
1604 2155 1852 2207 temporibus
1873 2168 1960 2198 tum

421 2208 594 2249 maxime
624 2210 734 2250 fiunt-
755 2209 1071 2263 proportionales
1092 2239 1103 2255 ,
1141 2208 1208 2249 ubi
1247 2209 1303 2249 vis
1338 2210 1484 2257 tertia,
1520 2210 1772 2261 manentibus
1810 2211 1959 2253 viribus

421 2262 575 2302 caeteris
596 2292 607 2308 ‚
643 2264 686 2302 fit
712 2264 907 2308 minima;
946 2263 990 2302 δε
1018 2264 1131 2317 quod
1155 2262 1273 2304 Orbis
1310 2263 1444 2304 PAB
1471 2275 1557 2304 tum
1592 2264 1764 2305 maxime
1802 2266 1959 2306 accedit

421 2316 472 2355 ad
500 2315 703 2369 praefatam
731 2318 900 2358 formam
927 2316 1173 2370 Ellipticarn,
1200 2318 1267 2359 ubi
1294 2319 1349 2360 vis
1379 2328 1460 2359 tam
1485 2319 1657 2359 secunda
1682 2330 1803 2372 quam
1823 2320 1959 2368 tertia,

423 2370 490 2411 sed
512 2371 714 2425 praecipue
736 2373 792 2413 vis
812 2371 949 2421 tertia,
976 2372 1020 2412 fit
1039 2373 1221 2421 minima,
1249 2373 1435 2427 viprima
1452 2383 1649 2414 manente.
1844 2385 1846 2387 ·
1873 2383 1879 2389 “

1497 1286 1703 1311 ==================
1704 1302 1869 1323 ‘'nummu-1
1872 1316 1879 1324 ι
1882 1293 1925 1326 :35

1642 1320 1682 1361 B
1892 1341 1952 1381 M

1786 2462 1788 2464 .
1821 2426 1963 2481 Expo-
