2079 3033
383 165 476 219 ..1268
519 158 521 160 ’
769 158 1266 204 ‘PHILOSOPHIAE
1305 156 1700 215 NATURALIS

207 261 255 290 DE
275 262 374 290 Mow
406 243 560 286 ratione
587 243 781 284 maximus
806 238 1070 279 decrescentis
1102 237 1366 278 inclinationis
1395 247 1526 278 motus
1553 236 1597 278 fit
1617 239 1657 279 in
1676 239 1938 293 Quadratusis

209 300 626 341 Comomm-Nodorum
652 326 668 343 .‚
724 294 764 333 δε
803 293 989 335 minimus
1025 291 1292 333 inclinationis
1328 292 1490 345 angulus
1519 291 1563 331 in>
1594 292 1827 336 Ostantibus
1851 297 1940 349 ,post

406 354 713 407 ·Quadratu1·as;
752 347 847 388 dein
886 347 1082 388 maximus
1117 346 1384 387 reclinationis
1420 356 1553 385 motus
1581 347 1622 387 in
1650 347 1857 402 Syzygiis·‚
1897 352 1940 391 ὅ(

361 443 363 445 .
404 409 602 450 ‘maximus
628 403 794 456 angulus
821 403 862 442 in
886 401 1123 443 ORantibus
1149 400 1351 454 proximis.
1399 399 1463 444 ,Et
1483 400 1623 441 eadem
1650 401 1706 442 est
1725 403 1825 442 ratio
1844 403 1943 444 Glo-

403 464 450 503 <bi
482 459 644 501 Annulo
661 456 823 505 nudati,
851 457 921 510 qui
946 457 986 496 in
1014 455 1242 509 regionibus
1270 454 1482 509 aequatoris
1510 455 1572 495 vel
1600 455 1717 496 altior
1744 456 1799 497 est
1827 459 1943 510 paulo

407 529 527 570 ,quam
545 513 657 566 juxta
675 511 811 566 Ροῑοε,
842 511 904 551 vel
932 509 1083 550 constat
1111 523 1176 558 ex⁴
1193 512 1356 549 materia
1382 510 1499 561 paulo
1528 509 1720 550 densiore.
1777 509 1945 564 Supplet

408 570 519 610 enim
546 568 677 607 vicem
705 566 856 606 Annuli
887 564 956 605 iste
985 564 1160 604 materiae
1189 564 1231 603 in
1257 564 1469 615 aequatoris
1497 563 1726 616 regionibus
1756 565 1945 606 excessus.

412 624 466 665 Et
494 633 721 676 quanquam
738 649 749 667 ,
777 619 888 660 anna
914 629 1119 672 utcunque
1138 617 1262 658 Globi
1288 617 1400 670 hujus
1428 617 1466 657 vi
1492 618 1711 670 centripeta
1730 648 1741 665 ‚
1781 620 1948 661 tendere

411 674 682 730 supponantur
713 687 851 714 omnes
888 672 969 725 ejus
999 683 1127 725 partes
1154 672 1340 712 deorsum
1360 698 1371 716 ,
1401 671 1448 711 ad
1472 671 1639 712 modurn
1669 673 1950 725 gravitantium

409 731 585 786 ‚partium
615 729 764 769 telluris
785 757 796 775 ,
832 738 965 767 tamen
995 727 1263 767 P-haenomena
1291 724 1404 778 hujus
1433 726 1473 766 δε
1503 726 1769 780 praecedentis
1805 726 1952 769 Corol-

413 784 498 827 larii
524 784 589 824 vix
606 783 703 823 inde
724 781 996 821 mutabuntur.

469 839 594 879 Corol.
626 850 685 876 21.
731 836 884 875 Eadem
926 836 1083 875 ratione
1112 847 1190 888 qua
1220 835 1385 874 materia
1412 832 1537 873 Globi
1563 833 1674 885 juxta
1704 845 1953 886 aequatorem
1989 866 1992 868 -

412 892 641 935 redundans
669 888 797 930 efficit
825 900 866 929 ut
891 888 1004 929 Nodi
1034 889 1312 941 regrediantur
1331 916 1342 932 ‚
1370 895 1489 939 atque
1517 886 1620 926 adeo
1651 899 1723 940 per
1750 888 1864 941 hujus
1893 889 1954 930 in-

415 956 667 989 crementum
692 954 860 997 augetur
880 943 949 983 iste
968 942 1183 996 regressus,
1209 954 1280 994 per
1305 940 1617 981 diminuti-onem
1636 954 1733 981 vero
1762 939 1952 985 diminui-

417 1013 482 1043 tur
503 1002 542 1041 ὅε
570 1012 640 1054 per
669 999 906 1038 ablationem
935 997 1120 1042 tollitur-3
1160 996 1187 1036 fi
1215 994 1377 1035 materia
1395 993 1599 1047 plusquam
1621 995 1848 1037 redundans
1878 999 1953 1039 tol-

414 1058 539 1103 latur,
566 1055 645 1094 hoc
675 1052 750 1099 est,
781 1051 808 1091 fi
838 1051 995 1092 Globus
1019 1050 1131 1103 juxta
1154 1060 1402 1103 aequatorem
1429 1049 1491 1088 vel
1521 1048 1742 1101 depreffior
1761 1051 1969 1099 reddatur,

417 1110 481 1151 vel
505 1109 637 1164 rarior
664 1119 783 1160 quam
809 1106 920 1158 juxta
950 1105 1063 1159 polos
1091 1133 1102 1152 ‚
1159 1105 1312 1145 orietur
1341 1114 1474 1143 motus
1503 1102 1718 1144 Nodorum
1747 1104 1788 1145 in
1817 1107 1955 1147 conse-

388 1179 391 1181 ’
452 1175 595 1204 uentia.

420 1178 445 1218 q
472 1217 598 1259 Com.
628 1230 691 1254 22.
722 1214 774 1256 Et
801 1214 896 1255 inde
924 1212 1090 1255 viciffim
1108 1242 1121 1261 ‚
1164 1226 1215 1254 ex
1242 1221 1357 1253 motu
1383 1211 1599 1252 Nodorum
1627 1212 1840 1254 innotescit
1859 1227 1957 1256 con-

421 1271 574 1313 stitutio
593 1269 729 1311 Globi.
765 1269 967 1310 Nimirum
993 1268 1019 1308 fi
1049 1267 1206 1308 Globus
1237 1268 1348 1319 polos
1370 1266 1532 1306 eosdem
1560 1266 1785 1308 constanter
1802 1268 1959 1317 servat«,

420 1327 465 1366 δε
489 1335 620 1366 motus
648 1324 691 1365 fit
718 1325 760 1365 in
787 1323 1065 1364 antecedentia
1085 1351 1096 1369 ‚
1124 1321 1286 1361 materia
1309 1320 1420 1372 juxta
1449 1330 1695 1373 aequatorem
1723 1323 1922 1363 redundat
1944 1341 1956 1369 ς

421 1380 450 1422 si
475 1381 514 1420 in
538 1378 823 1432 consequentia
842 1406 853 1424 ‚
890 1377 1039 1418 deficit.
1096 1375 1210 1415 Pone
1239 1373 1420 1423 Globum
1450 1372 1694 1414 uniformem
1713 1375 1755 1414 &
1785 1376 1960 1429 perfecie

423 1435 658 1475 circinatum
688 1433 728 1471 in
757 1431 886 1483 spatiis
915 1431 1045 1470 liberis
1070 1429 1203 1482 primo
1223 1427 1427 1481 quiescere
1449 1444 1460 1472 ς
1492 1427 1585 1467 dein
1605 1427 1758 1480 impetu
1777 1443 1960 1483 quocun-

423 1501 503 1542 que
531 1487 692 1537 oblique
720 1484 762 1523 in
796 1484 1047 1536 superficiem
1073 1483 1181 1523 suam
1216 1481 1322 1523 fano
1358 1482 1526 1535 propelli
1557 1515 1565 1528 ‚
1606 1482 1644 1521 ἃ
1681 1493 1836 1527 motum
1865 1485 1960 1526 inde

423 1541 638 1593 concipere
665 1537 808 1591 partim
833 1537 1067 1578 circularem
1084 1567 1095 1585 ,
1121 1537 1265 1591 partim
1292 1537 1333 1577 in
1360 1535 1569 1576 directum.
1626 1536 1828 1589 Quoniam
1859 1538 1963 1580 Glo—

423 1596 496 1637 bus
527 1593 603 1634 iste
625 1592 673 1632 ad
696 1605 787 1631 axes
814 1604 953 1630 omnes
973 1605 1042 1641 per
1070 1596 1257 1630 centrum
1285 1590 1397 1630 suum
1421 1590 1664 1629 transeuntes
1684 1591 1960 1633 indifferenter

421 1650 462 1690 se
480 1649 621 1694 habet,
645 1657 777 1697 neque
805 1644 1036 1696 propensior
1065 1642 1121 1681 est
1140 1643 1180 1682 in
1210 1655 1332 1682 unum
1351 1649 1490 1687 axem}
1521 1656 1697 1682 unumve
1715 1648 1796 1684 axis
1826 1646 1960 1692 fitum,

423 1716 544 1758 quarn
573 1701 614 1740 in
640 1699 758 1738 alium
787 1697 999 1750 quemvis;
1038 1695 1290 1748 perspicuum
1318 1694 1503 1747 estquod
1524 1695 1554 1734 is
1572 1708 1689 1735 axem
1721 1697 1832 1738 suum
1863 1701 1962 1740 axis-

426 1769 506 1809 que
547 1751 847 1794 inclinationem
883 1750 921 1790 vi
956 1749 1116 1803 propria
1151 1761 1355 1800 nunquam
1395 1747 1575 1788 mutabit.
1633 1749 1858 1802 Impellatur
1882 1753 1962 1806 jam

429 1809 585 1850 Globus
615 1806 778 1859 oblique
797 1834 807 1851 ‚
843 1805 882 1844 in
904 1805 1043 1844 eadem
1071 1803 1133 1842 illa
1161 1802 1379 1856 superficiei
1401 1813 1511 1854 parte
1540 1815 1618 1856 qua
1637 1804 1765 1855 prim,
1794 1807 1962 1860 impulsu

429 1873 676 1917 quocunque
703 1872 844 1909 novo;
893 1858 933 1897 δε
963 1871 1054 1899 cum
1084 1857 1201 1897 citior
1231 1857 1292 1896 vel
1327 1856 1450 1896 serior
1484 1856 1670 1908 impulsus
1692 1856 1879 1901 effectum
1907 1863 1963 1903 nil

431 1927 592 1962 mutet,
641 1912 890 1960 manifestum
917 1911 973 1952 est
1007 1910 1117 1966 quod
1148 1911 1188 1951 hi
1215 1910 1297 1951 duo
1334 1909 1519 1962 impulsus
1548 1910 1761 1952 succeffive
1789 1914 1964 1967 impressi

432 1971 606 2011 eundem
633 1967 859 2021 producent
888 1976 1043 2006 motum
1068 1978 1113 2004 ac
1142 1964 1167 2004 fi
1197 1964 1307 2005 simul
1343 1963 1517 2016 impreffi
1551 1963 1708 2005 fuissent
1727 1996 1738 2013 ,
1767 1967 1844 2009 hoc
1875 1970 1931 2010 est
1952 2000 1965 2017 ,

431 2024 606 2065 eundem
624 2036 668 2062 ac
689 2021 716 2061 fi
738 2020 895 2061 Globus
921 2021 959 2060 vi
986 2018 1149 2072 simplici
1169 2032 1217 2060 ex
1245 2028 1418 2071 utroque
1441 2020 1537 2070 (per
1562 2018 1722 2070 Legum
1741 2020 1879 2064 Corol.
1899 2025 1963 2074 2.)

431 2077 650 2131 composita
677 2075 865 2128 impulsus
901 2073 1029 2114 fuisset
1055 2102 1066 2120 ,
1100 2083 1220 2127 atque
1241 2072 1343 2112 adeo
1372 2071 1610 2124 simplicem,
1638 2074 1742 2114 circa
1761 2089 1876 2117 axem
1905 2079 1964 2118 in-

431 2133 645 2173 clinatione
684 2130 834 2170 datum.
891 2127 945 2168 Et
973 2141 1040 2181 par
1066 2126 1122 2167 est
1157 2128 1258 2167 ratio
1296 2126 1482 2179 impulsus
1511 2126 1673 2167 secundi
1705 2128 1796 2169 facti
1827 2130 1866 2171 in
1905 2132 1963 2171 lo-

429 2187 669 2229 cumalium
700 2183 880 2237 quemvis
907 2183 947 2222 in
974 2192 1175 2236 aequatore
1206 2191 1336 2221 motus
1363 2179 1501 2233 primi;
1533 2190 1577 2220 ut
1601 2182 1641 2220 δε
1669 2182 1855 2236 impulsus
1884 2186 1963 2239 pri-

428 2241 485 2281 mi
507 2239 596 2279 faeti
615 2240 655 2278 in
682 2240 816 2278 locum
847 2237 1026 2290 quemvis
1056 2237 1095 2276 in
1125 2244 1510 2289 aequat01·emOtUS‚
1540 2247 1660 2286 quem
1690 2236 1877 2290 impulsus
1907 2240 1962 2279 se-

429 2294 584 2335 cundus
610 2293 754 2344 absque
781 2291 910 2345 primo
938 2299 1169 2344 generaret;
1206 2300 1324 2343 atque
1354 2288 1455 2326 adeo
1485 2288 1723 2341 impulsuum
1753 2293 1962 2334 amborum

429 2347 625 2389 fastorum
652 2347 692 2387 in
718 2347 805 2387 loca
833 2358 1087 2400 quaecunque
1110 2361 1120 2392 ;
1154 2341 1414 2386 Geuerabunt
1442 2341 1481 2383 hi
1503 2343 1679 2385 eundem
1703 2355 1858 2387 motum
1887 2347 1964 2386 cir-

1792 2401 1965 2442 cularem
