2079 3033
407 198 409 201 ·
443 181 796 226 PRINCIPIA
824 172 1375 225 MATHEMAT‘tcAE.
1618 195 1692 236 305

145 265 276 306 medo
305 264 521 305 diametros
551 264 675 305 seete
698 264 914 306 -dimensus
951 265 1046 305 sum.
1102 264 1291 306 Parabam
1327 263 1466 317 utique
1501 262 1686 306 laminam

145 320 302 372 planam
332 330 568 370 pertenuem
596 319 636 358 in
664 317 800 357 medio
826 318 1066 371 perforatam
1085 346 1098 365 ‚
1133 317 1326 359 existente
1354 317 1552 371 circularis
1578 317 1684 359 fora-

140 374 263 413 minis
284 372 480 413 diametro
500 372 668 424 partium
684 371 868 425 quinque
889 370 1116 412 ofiavarum
1136 371 1264 425 digiti.
1311 371 1363 412 Et
1381 384 1432 412 ne
1446 383 1549 413 vena
1569 385 1682 426 aquae

145 427 341 467 exilientis
367 426 550 466 cadendo
575 425 863 465 acceleraretur
890 425 929 465 δε
955 427 1244 466 acceleratione
1277 425 1515 467 redderetur
1541 428 1681 480 angus-

145 481 246 526 tior,
274 479 376 519 hanc
397 480 578 520 laminam
597 491 678 518 non
698 478 827 518 fundo
844 479 908 519 sed
931 479 1044 524 lateri
1063 480 1156 520 vasis
1182 478 1294 520 affixi
1311 479 1363 520 fic
1381 509 1393 526 ‚
1430 489 1474 520 ut
1495 492 1597 520 vena
1613 480 1678 522 illa

145 533 405 586 egrederetur
428 532 646 573 fecundum
672 533 817 572 lineam
854 532 1055 574 horizonti
1092 534 1328 586 parallelam.
1384 533 1492 574 Dein
1523 533 1591 574 ubi
1608 548 1676 576 vas

145 600 257 642 aquae
285 586 444 639 plenum
464 585 558 626 effet
577 614 588 632 ,
624 587 759 638 aperui
781 588 959 626 foramen
979 599 1024 627 ut
1042 600 1143 640 aqua
1164 586 1369 635 efflueret;
1402 587 1442 627 &
1462 599 1576 627 venae
1595 588 1679 628 dia-

145 652 295 686 meter,
310 639 361 679 ad
381 638 601 679 distantiam
616 638 724 692 quasi
745 639 902 679 dimidii
919 641 1035 692 digiti
1053 655 1072 679 a
1091 641 1285 681 foramine
1303 654 1420 694 quam
1440 641 1682 682 accuratisfi-

141 706 207 736 me
224 692 466 739 mensurata,
494 691 644 745 prodiit
665 692 835 745 partium
856 693 996 744 viginti
1016 693 1056 731 δε
1076 695 1191 733 unius
1211 695 1596 748 quadragesimarum
1617 695 1678 736 di-

142 748 227 801 giti.
283 746 379 786 Erat
401 746 523 799 igitur
551 746 746 786 diameter
772 745 975 785 foraminis
1001 746 1114 797 hujus
1139 747 1340 786 circularis
1368 749 1416 787 ad
1437 748 1679 790 diametrum

142 813 256 841 venae
276 810 320 841 ut
339 813 388 848 25
407 799 455 840 ad
472 813 519 839 21
538 801 856 852 quamproxime.
886 799 963 840 Per
981 800 1254 851 experimenta
1278 812 1374 839 vero
1394 801 1543 840 constat
1564 800 1683 854 quod'

139 854 337 908 quanti-tas
355 866 468 907 aquae
485 866 576 907 quae
596 866 668 907 per
685 853 865 893 foramen
891 854 1082 894 circulare
1106 854 1148 893 in
1173 852 1302 893 fundo
1329 853 1425 893 vasis
1454 853 1599 894 fufium
1619 855 1678 896 ef-

145 909 257 957 fluit,
273 921 318 949 ea
334 907 390 948 est
403 920 520 961 quae‚
537 920 612 961 pro
628 906 827 948 diametro
844 919 975 954 venae,
994 915 1087 948 cum
1105 907 1317 948 velocitate
1334 906 1523 961 praedicia
1541 908 1680 950 efflue-

146 976 190 1003 re
208 963 341 1003 debet.

198 1016 242 1058 ln
268 1015 520 1069 sequentibus
543 1014 668 1070 igitur
688 1048 697 1062 ‚
735 1017 854 1070 plano
879 1014 1083 1056 foraminis
1106 1014 1333 1068 parallelum
1366 1014 1462 1056 duci
1487 1015 1681 1068 intelliga-

144 1080 210 1111 tur
236 1072 396 1123 planum
425 1070 529 1111 aliud
559 1070 734 1123 lupetius
762 1070 813 1110 ad
843 1069 1063 1110 distantiam
1092 1069 1291 1110 diametro
1320 1068 1526 1110 foraminis
1551 1082 1682 1123 aequa-

142 1125 227 1164 lem
251 1123 314 1164 vel
349 1124 468 1175 paulo
497 1123 687 1175 majorem
715 1124 755 1163 &
785 1123 981 1164 foramine
1007 1123 1157 1177 majore
1182 1122 1388 1177 pertusum
1410 1151 1422 1171 ,
1457 1135 1528 1177 per
1565 1123 1680 1178 quod

141 1182 284 1235 utique
313 1194 413 1221 vena
438 1181 553 1222 cadat
583 1194 673 1234 quae
698 1181 906 1236 adaequate
925 1183 1089 1237 impleat
1184 1221 1190 1237 3
1623 1221 1629 1243 ὲ

141 1235 325 1277 foramen
352 1234 515 1275 inferius
545 1235 664 1282 EF,
701 1247 821 1289 atque
848 1237 951 1277 adeo
980 1237 1090 1290 cujus
1622 1246 1630 1282 ξ

145 1289 339 1330 diameter
373 1287 418 1328 s1t
453 1289 503 1329 ad
533 1289 772 1330 diametrum
798 1290 1000 1331 foraminis
1028 1293 1088 1331 in·
1137 1285 1191 1341 Ἐξ
1623 1277 1682 1336 {Q-

143 1342 299 1384 ferioris
325 1351 371 1381 ut
407 1355 458 1391 25
487 1342 537 1382 ad
577 1356 625 1381 21
655 1343 829 1383 circiter.
885 1344 951 1384 Sic
981 1345 1089 1384 enim
1182 1346 1191 1395 ξ

145 1409 247 1437 vena
275 1407 345 1448 per
374 1393 556 1436 foramen
589 1395 752 1436 inferius
789 1397 1090 1449 perpendicma-
1127 1407 1192 1451 ΚΞ
1194 1442 1392 1453 ......................
1394 1408 1420 1455 1
1422 1449 1614 1458 ....................
1620 1400 1669 1457 {12

146 1451 245 1491 riter
273 1448 482 1494 tranfibit;
534 1449 576 1488 85
612 1450 809 1502 quantitas
840 1462 951 1503 aquae
976 1449 1089 1491 efflu-
1124 1450 1192 1515 A²

147 1504 280 1550 entis,
317 1515 393 1555 pro
427 1502 704 1555 magnitudine
731 1502 933 1543 foraminis
956 1503 1091 1552 huius,

146 1571 192 1597 ea
218 1557 304 1597 erit'
326 1568 445 1611 quam
472 1556 615 1596 solutio
652 1556 914 1597 Problematis
953 1556 1087 1610 postu-

139 1611 200 1660 lat
242 1610 555 1664 quamproxime.
611 1609 790 1661 Spatium
831 1622 930 1649 vero
973 1611 1088 1662 quod

145 1663 445 1718 planisduobus
472 1662 512 1701 δε
540 1673 639 1701 vena
666 1661 838 1701 cadente
862 1661 1088 1709 clauditur,

146 1730 222 1772 pro
257 1716 386 1758 fundo
420 1714 516 1755 vasis
547 1714 681 1755 haberi
721 1714 859 1768 potest.
889 1750 896 1753 Ξ
925 1714 1005 1756 Sed
1042 1726 1085 1757 ut
1324 1728 1326 1730 ’
1426 1734 1465 1772 R

145 1771 292 1813 solutio
327 1768 588 1811 Problematis
626 1768 839 1822 simplicior
864 1769 909 1810 fit
937 1769 979 1809 &
1007 1782 1089 1810 ma·
1328 1785 1330 1787 >

146 1826 205 1880 gis
236 1822 554 1869 Mathematica‚
588 1822 745 1876 praestat
779 1822 969 1863 adhibere
1006 1824 1087 1877 pla-

146 1891 246 1921 num
270 1878 398 1919 solum
432 1876 595 1917 inferius
627 1888 702 1929 pro
726 1875 855 1917 fundo
882 1876 977 1918 vafis
994 1906 1008 1925 ,
1044 1877 1086 1917 &
1316 1891 1356 1928 Ε
1384 1881 1430 1918 G
1458 1875 1671 1927 J?-·“-*5)

148 1933 299 1984 fingere
325 1930 435 1984 quod
462 1943 561 1982 aqua
588 1942 679 1983 quae
705 1943 775 1983 per
803 1931 970 1982 glaciem
999 1944 1076 1971 ceu
1102 1944 1174 1986 per
1197 1934 1495 1979 infundibulum
1523 1941 1678 1984 defluen

1719 261 1745 290 L
1754 271 1766 290 1
1776 270 1789 289 s
1800 271 1814 290 ε
1825 265 1851 290 x*

1701 299 1875 334 secamus:

147 1986 237 2034 bat,
265 1984 306 2025 &
324 1997 347 2025 e
365 1984 452 2024 vase
471 1996 541 2036 per
559 1982 738 2038 foramen
767 1983 809 2023 E
818 1984 861 2023 F
882 1985 1163 2038 egrediebatur
1180 2015 1192 2034 ,
1231 2000 1389 2030 motum
1410 1993 1519 2033 suum
1539 2007 1682 2049 perpe·
1707 1986 1709 1988 ,

147 2050 225 2084 tuo
243 2039 370 2079 servet
389 2037 429 2077 &
447 2037 787 2092 glaciesquietem
806 2038 913 2080 suam
928 2068 941 2088 ‚
976 2039 1124 2081 etiamst
1149 2041 1192 2082 in
1208 2055 1351 2097 aquam
1376 2044 1542 2088 fluidam
1560 2051 1682 2091 resol=

140 2103 276 2136 vatur.
1199 2103 1207 2105 “

209 2147 298 2198 Cast
314 2160 351 2186 2.
380 2145 420 2186 Si
445 2144 625 2188 foramen
655 2146 747 2188 EF
767 2159 850 2188 non
877 2146 923 2187 fit
948 2147 988 2188 in
1025 2149 1162 2191 medio
1190 2150 1306 2192 fundi
1331 2153 1455 2202 vasis,
1498 2155 1565 2197 sed
1593 2156 1683 2198 fun=

152 2201 250 2243 dum
268 2200 357 2240 alibi
383 2199 610 2252 perforetur
634 2214 645 2241 .·
678 2213 777 2254 aqua
809 2200 945 2241 effluet
972 2202 1113 2244 eadem
1140 2218 1234 2246 cum
1261 2207 1475 2248 velocitate
1493 2224 1537 2250 ac
1556 2212 1683 2262 prius,

154 2256 183 2296 fi
210 2254 338 2295 modo
365 2253 506 2294 eadem
533 2254 579 2294 fit
611 2254 817 2295 foraminis
847 2255 1094 2308 magnitudo.
1150 2259 1254 2300 Nam
1284 2273 1403 2313 grave
1429 2263 1569 2316 majori
1595 2265 1682 2317 qui·
1704 2280 1707 2281 ⁷

151 2310 247 2350 dem
277 2317 462 2360 tempore
490 2307 694 2349 descendit
733 2309 782 2349 ad
807 2309 976 2349 eandem
1007 2311 1320 2363 profunditatem
1346 2317 1587 2367 perlineam
1613 2317 1685 2356 ob-

153 2364 304 2417 liquam
331 2374 450 2418 quam
477 2373 546 2415 per
569 2361 710 2406 lineam
737 2363 1107 2472 perpe-ndgugarem
1132 2395 1144 2413 ‚
1187 2367 1257 2410 fed
1283 2368 1567 2412 descendendo
1591 2382 1686 2465 {2311}
