2079 3033
426 131 780 178 PRINCIPIA
837 132 1395 182 MATHEMATICA.
1556 164 1558 168 «
1646 164 1693 199 23

153 217 298 259 virium
333 216 531 259 aestimatae
550 246 561 264 ,
595 216 683 256 sunt
703 216 919 270 >reciproce
958 227 1001 259 ut
1030 220 1147 261 vires.
1211 219 1275 260 Sic
1298 221 1477 273 pondera
1505 229 1875 283 aequipol-JLEGES

151 272 235 314 lent
265 273 314 314 ad
346 272 547 314 movenda
575 270 734 311 brachia
765 271 902 313 Librae
922 302 933 320 ,
973 287 1062 327 quae
1091 274 1295 330 oscillante
1324 276 1447 319 Libra
1476 279 1564 321 sunt
1594 286 1695 327 reci-
1717 286 1889 321 Μοτυε.

149 338 274 383 proce
305 337 349 369 ut
378 339 519 367 eorum
548 326 786 368 velocitates
815 328 965 368 sursum
997 329 1036 368 δε
1068 330 1276 371 deorsum:
1305 330 1386 373 'hoc
1416 333 1471 374 est
1501 338 1692 389 pondera,

149 383 177 424 fi
205 383 311 424 resta
340 380 556 422 ascendunt
586 381 629 420 &
659 381 941 430 descendunt,
980 384 1260 437 aequipollent‚
1286 387 1485 440 quaesunt
1513 393 1692 447 recipro-

147 452 195 480 ce
225 449 269 479 ut
296 434 535 491 punftorum
555 449 576 475 a
596 435 740 489 quibus
758 437 1051 490 suspenduntur
1071 439 1263 480 distantiae
1283 441 1331 482 ab
1353 456 1426 484 axe
1446 443 1606 494 Librae;
1634 450 1691 492 fin

145 493 267 547 planis
304 490 476 544 obliquis
513 490 643 531 aliisve
681 491 854 533 admotis
893 493 1099 534 obstaculis
1139 494 1332 548 impedita
1369 498 1587 542 ascendunt
1627 507 1688 547 vel

145 545 393 589 descendunt
431 545 594 600 oblique
618 576 629 594 ,
664 548 923 601 aequipollent
961 562 1051 603 quse
1082 549 1170 590 sunt
1199 552 1409 604 reciproce
1438 565 1482 595 ut
1513 557 1690 602 ascensus

144 602 185 642 δε
223 600 431 641 descensus
451 629 464 646 ,
520 611 714 654 quatenus
751 602 843 643 facti
878 603 1098 644 secundum
1128 607 1483 658 perpendiculum:
1514 611 1555 651 id
1585 613 1689 656 adeo

143 656 195 697 ob
225 655 606 696 determinationem
634 657 836 710 gravitatis·
866 658 1064 699 deorsum.
1123 658 1314 701 Similiter
1342 662 1381 702 in
1396 663 1600 707 Trochlea
1620 669 1688 712 seu

140 710 368 764 Polyspasto
394 712 453 753 vis
483 723 622 751 manus
650 710 788 753 funem
819 712 970 753 direfte
999 713 1190 754 trahentis
1208 743 1220 762 ‚
1256 728 1346 767 quae
1376 717 1421 757 fit
1450 720 1499 760 ad
1529 724 1687 774 pondus

140 767 202 806 vel
239 764 391 806 directe
425 765 491 806 vel
520 765 682 820 oblique
721 766 936 808 ascendens
966 777 1009 808 ut
1040 769 1229 810 velocitas
1268 769 1442 811 ascensus
1472 780 1685 828 perpendi-

139 820 280 861 cularis
318 820 369 862 ad
399 821 658 861 velocitatem
686 834 825 862 manus
854 822 993 863 funem
1014 823 1206 864 trahentis
1226 854 1237 872 ‚
1273 824 1475 867 sustinebit
1512 832 1682 881 pondus„

136 874 181 916 In
211 874 452 928 Horologiis
490 876 531 916 δε
561 875 748 917 similibus
779 876 1047 918 instrumentis
1069 908 1081 926 ,
1129 891 1220 933 quae
1249 892 1300 920 ex
1329 881 1470 922 rotulis
1498 887 1683 928 commis-

137 928 182 970 fis
212 929 437 972 constructa
465 930 553 971 sunt
577 964 585 977 ‚
624 931 730 972 vires
757 933 969 972 contrariae
1000 933 1050 974 ad
1079 944 1238 975 motum
1269 935 1490 978 rotularum
1519 951 1684 991 promo-

132 984 313 1026 vendum
343 984 719 1039 &impediendum
739 1017 751 1035 2
779 985 808 1028 fi
837 986 910 1028 sint
940 987 1148 1040 reciproce
1180 1000 1224 1030 ut
1254 990 1486 1033 velocitates
1508 995 1681 1044 partium

133 1041 355 1081 rotularum
381 1040 422 1081 in
444 1053 556 1093 equas
585 1040 873 1094 imprimuntur
892 1070 904 1088 ‚
940 1042 1183 1084 sustinebunt
1212 1045 1251 1085 se
1280 1053 1434 1086 mutuo„
1493 1046 1567 1089 Vis
1596 1050 1681 1092 Co-

130 1094 255 1135 chleae
284 1095 334 1136 ad
372 1095 641 1149 premendum
678 1109 824 1150 corpus
855 1096 911 1136 est
945 1097 995 1137 ad
1026 1097 1108 1137 vim
1148 1111 1286 1140 manus
1316 1100 1570 1144 manubrium
1599 1106 1676 1146 cir-

131 1149 377 1204 cumagentis
394 1181 406 1198 ‚
445 1161 489 1191 ut
509 1150 715 1193 circularis
735 1151 926 1191 velocitas
944 1151 1141 1193 manubrii
1160 1166 1206 1193 ea
1231 1154 1269 1194 in
1290 1163 1405 1207 parte
1424 1155 1492 1196 ubi
1513 1169 1534 1196 a
1554 1172 1675 1202 manu

129 1215 295 1258 urgetur
315 1235 327 1252 ‚
364 1205 414 1246 ad
435 1206 688 1247 velocitatem
714 1205 1002 1260 progreffivam
1027 1206 1206 1248 cochleae
1233 1208 1365 1249 versus
1394 1223 1540 1265 corpus
1568 1215 1674 1267 pres-

128 1259 225 1301 sum.
291 1259 411 1302 Vires
440 1260 583 1314 quibus
612 1260 779 1302 Cuneus
810 1271 926 1314 urget
957 1273 1087 1315 partes
1126 1262 1222 1304 duas
1253 1264 1349 1317 ligni
1394 1264 1466 1305 fiffi
1501 1267 1589 1308 sunt
1620 1270 1672 1310 ad

94 1325 96 1327 ’
127 1313 209 1354 vim
235 1315 365 1356 mallei
383 1316 424 1356 in
451 1328 625 1356 cuneum
644 1346 655 1365 ‚
713 1326 758 1357 ut
777 1316 1002 1370 progressus
1032 1319 1152 1360 cunei
1178 1318 1399 1360 secundum
1426 1323 1669 1364 determina-

126 1367 279 1410 tionem
311 1370 368 1411 vis
385 1384 406 1411 a
426 1371 572 1411 malleo
598 1371 641 1411 in
666 1371 794 1425 ipsum
815 1371 1010 1425 impreffae
1029 1401 1041 1419 ‚
1077 1372 1126 1412 ad
1154 1374 1410 1414 velocitatem
1430 1388 1509 1429 qua
1537 1387 1667 1430 partes

123 1421 219 1476 ligni
238 1424 389 1466 cedunt
409 1437 562 1473 cuneo,
591 1425 812 1467 secundum
832 1426 951 1467 lineas
971 1425 1147 1468 faciebus
1166 1429 1289 1470 cunei
1304 1429 1664 1482 perpendiculares..

122 1475 176 1517 Et
196 1491 265 1530 par
283 1479 338 1518 est
356 1481 457 1520 ratio
478 1479 761 1520 Machinarum
781 1482 975 1519 omnium.

112 1553 117 1556 -
178 1531 338 1572 Harum
365 1531 543 1573 efficacia
574 1533 614 1571 &
637 1533 727 1573 usus
753 1533 795 1571 in
815 1545 865 1572 eo
883 1532 966 1572 solo
986 1531 1181 1579 confistit‚
1207 1542 1253 1574 ut
1271 1533 1536 1577 diminuendo
1555 1540 1666 1580 velo-

120 1586 284 1627 citatem
312 1599 524 1637 augeamus
553 1587 635 1623 vim
655 1611 667 1628 ‚
706 1585 748 1622 δε
770 1594 910 1622 contra
932 1598 940 1622 :
972 1586 1081 1623 uude
1100 1586 1264 1625 solvitur
1283 1587 1324 1626 in
1345 1590 1456 1628 omni
1477 1601 1662 1642 aptorum

118 1639 473 1680 instrumentorum
502 1648 649 1690 genere
679 1635 890 1676 Problema
910 1665 921 1683 ‚
968 1636 1130 1676 Datum
1152 1639 1305 1691 pondus
1327 1641 1422 1681 data
1442 1644 1489 1682 vi
1508 1656 1662 1690 moven-

117 1695 179 1740 di,
212 1693 377 1734 aliamve
407 1693 541 1731 datam
568 1690 824 1731 refistentiam
843 1691 881 1731 vi
908 1690 1001 1731 data
1031 1691 1263 1744 superanda
1315 1694 1419 1736 Nam
1446 1696 1474 1737 fi
1501 1697 1660 1742 Macbi=

91 1745 177 1797 [nae
205 1748 260 1788 ita
289 1746 544 1793 formentur,
597 1755 643 1786 ut
671 1746 906 1787 velocitates
938 1746 1109 1799 Agentis
1140 1746 1181 1786 δε
1201 1747 1433 1791 Refistentis
1462 1751 1536 1793 smt
1555 1756 1659 1796 reci-

113 1815 237 1857 proce
256 1811 302 1843 ut
322 1802 448 1846 vires;
482 1802 619 1854 Agens
648 1800 901 1841 refistentiam
923 1800 1126 1842 sustinebit
1146 1814 1155 1841 :
1196 1802 1237 1842 δε
1258 1803 1397 1856 majori
1425 1818 1519 1848 cum
1546 1810 1655 1850 velo-

111 1858 278 1899 citatum
309 1856 536 1911 disparitate
563 1855 733 1896 eandem
764 1856 911 1896 vincet.
975 1855 1101 1897 Certe
1128 1855 1154 1896 fi
1182 1866 1289 1898 tanta
1321 1857 1366 1899 fit
1393 1862 1656 1907 velocitatum

110 1912 336 1966 disparitas,
373 1922 418 1953 ut
438 1912 619 1953 vincatur
639 1911 758 1952 etiam
779 1911 991 1952 resistentia
1020 1911 1149 1972 omnis
1170 1941 1182 1960 ‚
1213 1925 1303 1968 quae
1337 1923 1417 1955 tam
1445 1928 1497 1957 ex
1523 1919 1655 1960 conti-

111 1980 283 2021 guorum
315 1967 357 2008 δε
383 1968 486 2009 inter
512 1967 550 2007 se
568 1967 786 2007 labentium
813 1979 1033 2020 corporum
1059 1967 1265 2009 attrltione
1284 1997 1295 2016 ,
1330 1982 1450 2022 quam
1480 1985 1531 2013 ex
1556 1986 1655 2015 con-

110 2022 317 2063 tinuorum
345 2022 384 2062 &
412 2023 459 2062 ab
487 2021 662 2063 invicem
687 2020 998 2075 separandorum
1037 2020 1263 2064 cohaefione
1292 2023 1333 2064 &c
1363 2025 1651 2069 elevandorum

107 2076 355 2130 ponderibus
385 2076 481 2117 oriri
513 2077 609 2118 solet
636 2095 646 2124 ς
696 2076 874 2130 superata
913 2076 1024 2117 omni
1052 2090 1097 2116 ea
1124 2078 1339 2118 resistentia
1360 2108 1371 2125 ‚
1412 2080 1649 2124 visi-edun-

107 2131 203 2173 dans
246 2131 578 2172 accelerationem
607 2142 741 2172 motus
771 2131 840 2172 fibi
867 2131 1212 2184 proportionalem
1230 2162 1242 2179 ‚
1285 2133 1429 2187 partim
1457 2134 1499 2175 in
1527 2138 1647 2189 parri-

106 2185 178 2226 bus
206 2186 430 2234 machinae,
476 2187 621 2239 partim
650 2187 692 2226 in
721 2199 893 2240 corpore
932 2186 1130 2227 resistente
1166 2188 1387 2241 producet&
1448 2188 1652 2233 Ceterum.

105 2238 389 2281 Mechanicam
425 2240 590 2281 tractare
632 2254 716 2282 non
750 2241 806 2281 est
839 2240 954 2292 hujus
1000 2241 1179 2284 instituti.
1250 2242 1378 2283 Hisce
1418 2245 1525 2286 volui
1563 2255 1645 2286 tan-

106 2303 194 2334 turn
230 2295 439 2336 ostendere
462 2325 472 2342 ,
522 2309 642 2349 quam
673 2296 749 2335 late
776 2306 909 2349 pateat
946 2308 1147 2356 quamque
1185 2307 1291 2338 certa
1328 2297 1373 2338 fit
1402 2298 1495 2340 Lex
1524 2301 1642 2340 tertia

103 2347 262 2391 Motus.
346 2349 449 2390 Nam
491 2349 518 2390 si
553 2350 767 2391 aestimetur
806 2351 976 2403 Agentis
1021 2348 1126 2391 aeto
1155 2365 1207 2395 ex
1242 2351 1325 2405 ejus
1356 2353 1464 2394 vi&
1492 2354 1643 2396 veloci-2

1558 2416 1640 2449 {ate
