2079 3033
611 125 1224 176 PRAEFATIO.

138 235 173 297 ’,ζ
213 239 457 304 quationes
495 236 756 286 resolvendi
780 277 793 298 ‚
854 254 955 305 quae
978 276 991 297 ‚
1049 250 1101 284 ut
1138 237 1310 303 opinor
1332 274 1349 297 ,
1396 234 1482 284 tibi
1523 240 1679 307 plac&

135 345 170 368 ,‚
211 304 353 368 bunt,
394 324 504 376 quas
528 324 621 355 una
643 325 750 355 cum
770 309 996 375 proximis
1019 306 1164 354 literis
1188 305 1245 354 ad
1268 319 1313 353 te
1335 308 1539 357 mittam.

201 428 257 477 In
305 430 391 479 hac
427 430 625 499 Epistola
662 442 826 480 narrat
874 442 1187 495 argumentum
1225 428 1489 477 chartarum
1528 427 1678 480 Amici

117 498 194 557 stu'
214 498 353 563 fuiffe
383 501 762 566 Computationem
793 498 1107 561 dimensionum
1142 497 1514 563 Magnitudinum
1536 540 1549 560 ,
1612 500 1674 552 65³

128 566 461 633 AEquationum
484 569 818 626 resolutionem,
860 568 982 633 quod
996 586 1095 617 cum
1117 564 1352 615 Trac‘z'atus
1375 567 1502 629 huius
1533 587 1671 636 argu-=

128 648 271 684 mento
295 633 507 701 quadrat.

192 761 354 820 Versus
377 759 521 827 finem
558 759 740 809 alterius
778 759 980 826 Epistolae
1016 759 1084 807 ad
1114 761 1177 808 D.
1205 763 1485 813 Coilinfium
1516 783 1538 813 e
1573 766 1670 813 Col‘«

121 829 232 897 legio
254 829 299 879 S.
324 829 369 880 S.
395 830 468 879 Tr.
497 828 612 878 datae
633 829 709 878 ult.
735 829 844 892 Julii
875 832 1020 894 1669,
1047 829 1111 878 D.
1136 832 1383 879 Barrovius
1408 833 1473 879 ita
1486 834 1663 892 scribit.

190 958 216 1019 †
254 960 401 1005 Mitto
432 973 542 1024 quas
575 955 811 1022 pollicitus
845 972 973 1002 eram
1009 958 1166 1002 Amici
1199 954 1412 1016 chartas,
1463 974 1563 1025 quae
1596 962 1664 1006 uti

118 1029 152 1088 ',‚
191 1025 324 1093 spero
358 1024 484 1072 haud
517 1041 684 1091 parum
715 1038 760 1072 te
790 1021 1107 1072 oblectabunt.
1183 1027 1444 1086 Remittas‚
1484 1026 1662 1093 quaes0‚

190 1112 334 1163 quum
360 1098 441 1141 eas'
457 1108 687 1161 quantum
707 1091 792 1140 tibi
815 1090 963 1140 visum
985 1091 1122 1139 fuerit
1144 1092 1424 1160 perlegeris;
1464 1095 1511 1141 id
1534 1100 1663 1143 enim

189 1162 440 1231 postulavit
478 1165 670 1211 Amicus
698 1180 854 1223 meus,
896 1180 1003 1209 cum
1026 1164 1232 1227 primum
1254 1180 1360 1209 eum
1384 1167 1573 1229 rogavi,
1612 1179 1663 1211 ut

189 1228 262 1280 eas¹
285 1247 441 1280 tecum
466 1235 816 1279 communicare
840 1229 958 1279 mihi
984 1230 1160 1279 liceret.
1237 1232 1550 1297 Qantocyus
1572 1236 1663 1298 igi-

188 1316 289 1362 tur,
331 1299 549 1361 obsecro,
589 1314 635 1347 te
670 1317 744 1349 eas
777 1297 996 1367 recepiffe
1021 1298 1095 1346 fac
1116 1317 1192 1347 me
1216 1303 1492 1359 certiorem,
1533 1301 1661 1367 quod

186 1370 277 1418 illis
313 1384 501 1430 metm,
541 1372 715 1437 quippe
747 1373 826 1438 qui
866 1385 940 1416 eas
974 1386 1056 1435 pei·
1080 1367 1394 1418 Veredarium
1418 1367 1658 1435 publicum

187 1439 244 1486 ad
279 1453 324 1486 te
357 1443 544 1486 mittere
576 1456 676 1485 non
710 1438 1047 1498 dubitaverim,
1087 1454 1181 1505 quo
1207 1435 1293 1485 tibi
1314 1455 1500 1485 motem
1522 1455 1655 1504 gere-

184 1526 283 1556 rem
307 1524 448 1576 quam
472 1505 698 1555 citiffime.

114 1135 128 1160 2
136 1134 150 1156 5

114 1204 150 1227 2)

113 1274 127 1296 2
135 1273 148 1294 2

112 1343 127 1365 3
133 1341 147 1363 ›

111 1411 147 1435 2²

111 1479 146 1502 2)

109 1548 144 1571 Μ

172 1629 249 1678 Ex
269 1629 355 1678 hac
376 1627 579 1695 Epistola
594 1628 755 1691 constat
777 1628 841 1674 D.
858 1632 1134 1677 Barrovium
1154 1626 1320 1675 dietum
1346 1627 1540 1676 Librum
1558 1594 1650 1676 'mia

93 1698 224 1766 fiffe,
259 1717 318 1756 ea
350 1697 469 1762 lege,
510 1708 557 1743 ut
574 1694 668 1760 fibi
700 1694 1021 1743 remitteretur.
1098 1695 1222 1743 Unde
1252 1696 1531 1760 manifestum
1565 1697 1645 1760 est,

106 1783 249 1832 quare
270 1765 531 1824 Τναέἶαιιις,
573 1781 705 1828 quem
735 1763 912 1823 inveni,
954 1766 1018 1811 D.
1044 1763 1260 1813 Collinfii
1296 1784 1434 1813 manu·
1453 1765 1649 1833 scriptus

94 1832 218 1898 fuit,
257 1831 530 1897 autographo
558 1843 716 1897 nempe
738 1830 825 1897 ipst
843 1831 1030 1879 Aufflori
1050 1832 1257 1895 restituto.

171 1952 226 2003 In
258 1953 397 2002 tertia
429 1969 463 2000 a.
492 1951 555 2002 D.
580 1954 805 1999 Bam-ovio
836 1951 904 1999 acl
928 1953 993 2001 D.
1031 1952 1311 2001 Collinfium
1342 1952 1540 2020 Epistola
1560 1954 1645 2003 da«

941 2038 967 2068 a
1007 2041 1036 2087 3
1509 2063 1511 2065 .
1592 2037 1644 2070 tu

139 2151 154 2185 †
173 2149 187 2178 Ι
203 2149 267 2178 send
290 2157 349 2187 you
364 2148 411 2176 the
426 2148 523 2185 Papers
538 2149 636 2186 of'my
651 2147 752 2177 Friend
766 2147 778 2176 Ῑ
794 2149 923 2184 promis'd
936 2169 944 2181 ,
966 2149 1059 2177 which
1075 2149 1087 2178 Ι
1102 2149 1227 2186 presume
1242 2150 1298 2178 will
1314 2150 1376 2186 give
1392 2158 1449 2187 you
1465 2150 1550 2178 much
1566 2150 1642 2178 satis-

96 2189 217 2220 fadiioru
242 2188 252 2215 1
268 2196 333 2224 pray
345 2208 351 2219 ‚
372 2186 474 2222 having
495 2186 607 2222 perused
625 2187 703 2215 them
724 2185 753 2214 so
769 2187 853 2214 much
870 2196 896 2214 as
912 2195 968 2222 you
986 2187 1061 2215 think
1077 2188 1170 2224 good,
1193 2188 1307 2215 remand
1323 2189 1398 2216 them
1414 2194 1444 2216 to
1459 2197 1520 2221 me,
1542 2197 1637 2216 accor-

96 2227 168 2262 ding*
182 2232 213 2253 to
235 2226 276 2254 his
291 2225 376 2254 defire
397 2224 478 2252 when
496 2224 507 2251 I
524 2224 598 2253 ask'd
613 2224 672 2252 him
686 2225 736 2252 the
746 2223 845 2260 liberty
859 2232 890 2252 to
907 2225 1003 2261 impart
1017 2226 1094 2253 them
1109 2232 1138 2253 to
1153 2234 1229 2262 you;
1252 2232 1260 2253 i
1279 2234 1343 2262 pmy
1359 2227 1423 2262 give
1440 2234 1486 2253 me
1499 2225 1635 2254 noticeof

94 2273 167 2302 your
181 2264 320 2300 receiving
334 2263 412 2291 them
426 2283 434 2295 ,
457 2262 523 2290 with
537 2271 608 2299 your
621 2262 728 2290 soonest
742 2263 933 2290 convenience
944 2283 950 2295 ,
971 2263 1027 2289 that
1045 2263 1055 2290 Ι
1073 2271 1137 2300 may
1152 2264 1185 2291 be
1201 2263 1316 2291 satisfied
1333 2265 1367 2291 of
1377 2264 1447 2292 their
1468 2263 1609 2300 reception
1623 2273 1637 2295 3.

94 2300 206 2332 because
231 2302 242 2329 1
264 2311 309 2330 am
333 2300 417 2329 afraid
439 2300 474 2329 of
485 2300 581 2335 them,
603 2301 751 2338 venturing
765 2300 842 2329 them
857 2299 893 2337 by
906 2300 953 2330 the
967 2299 1046 2336 Post,
1066 2301 1124 2330 that
1140 2302 1151 2330 Ι
1168 2309 1233 2338 may
1248 2301 1408 2339 notlonger
1423 2301 1502 2338 delay
1523 2307 1552 2329 to
1574 2308 1643 2336 cotg-

93 2338 212 2377 xespond
227 2340 297 2369 with
312 2347 383 2377 your
397 2337 490 2368 desire.
