2079 3033
506 130 854 188 PRINCIPIA
895 131 1442 188 MATHEMATic'A.
1667 162 1743 200 275

255 228 377 270 Corol.
405 227 529 281 Igitur
555 236 687 268 motus
715 225 981 266 velocissimus
1009 225 1049 265 in
1078 223 1226 267 Medio
1254 226 1454 269 resistente
1479 240 1562 269 non
1588 229 1730 271 incidit
1752 226 1896 292 SUUM}

195 282 237 324 in
266 283 457 336 punciurn
486 281 666 323 infimum
694 281 745 326 C,
773 279 839 319 sed
866 281 1063 333 reperitur
1090 279 1132 319 in
1158 280 1306 333 puncio
1325 283 1392 322 illo
1411 283 1468 329 0,
1497 296 1579 337 quo
1611 299 1723 326 arcus
1773 274 1934 300 numm,

191 346 301 377 totus
331 337 548 389 descriptus
575 334 647 374 aB
674 333 879 374 bisecatur.
938 333 991 374 Et
1018 346 1163 386 corpus
1184 334 1349 375 subinde
1371 337 1579 390 pergendo
1597 339 1648 379 ad
1677 353 1722 387 a,

190 390 329 431 iisdem
359 390 544 443 gradibus
571 388 796 430 retardatur
823 388 965 442 quibus
990 397 1104 428 antea
1130 390 1421 432 accelerabatur
1450 392 1492 432 in
1530 391 1722 435 descensu

186 444 421 485 suoaBad
439 445 485 486 O.

351 558 766 602 PROPOSITIO
794 560 978 603 XXVI.
1007 560 1411 606 THEOREMA
1438 560 1574 603 XXI·

176 664 414 724 Corporum
457 655 879 722 Fimependulorum
917 656 1073 720 quibus
1095 659 1303 720 reſjstitiaer
1330 659 1376 705 in
1396 660 1569 707 ratione
1589 657 1709 705 velo«-

240 725 449 787 citatum,
489 724 774 784 oftillationes
811 724 857 772 in
896 724 1094 790 Cycloide
1123 729 1232 785 sunt
1269 724 1524 783 Uocloronae.

222 851 327 893 Nam
357 850 384 891 fi
413 862 584 903 corpora
613 849 697 890 duo
716 879 727 897 ,
763 864 785 890 a
823 851 970 892 centris
1005 851 1299 905 suspensionum
1329 845 1706 905 aequaliter'distan-

168 905 243 952 tia,
273 905 488 945 oscillando
509 904 730 944 describant
748 918 861 944 arcus
880 906 1113 958 inaequales,
1146 907 1185 946 δε
1207 906 1438 946 velocitates
1468 907 1509 946 in
1537 921 1703 950 arcuum

167 959 343 1012 partibus
374 958 878 1011 correspondentibus-sint
907 959 956 999 ad
982 959 1154 1000 invicem
1184 970 1226 999 ut
1256 972 1368 1000 arcus
1395 960 1491 1000 toti:
1521 962 1700 1003 refisten-

166 1015 233 1053 tiae
262 1012 536 1053 velocitatibus
560 1013 901 1065 proportionales,
928 1023 1046 1053 erunt
1076 1015 1197 1054 etiam
1224 1013 1274 1053 ad
1303 1014 1475 1054 invicem
1501 1025 1545 1054 ut
1571 1016 1696 1058 iidem

159 1080 284 1107 arcus.
343 1066 520 1107 Proinde
539 1066 566 1107 fi
587 1066 734 1107 viribus
755 1067 989 1107 moti-icibus
1016 1081 1036 1107 a
1064 1069 1257 1120 gravitate
1284 1067 1482 1115 oriundis,
1510 1081 1601 1123 quae
1626 1070 1701 1112 fint

158 1131 203 1160 ut
223 1121 347 1160 iidem
377 1132 512 1167 arcus,
542 1121 772 1161 auferantur
799 1122 861 1161 vel
886 1121 1084 1162 addantur
1109 1122 1170 1162 hae
1199 1120 1445 1169 refistentiae‚
1474 1133 1592 1164 erunt
1618 1124 1699 1165 dif-

156 1173 340 1215 ferentiae
361 1176 422 1215 vel
441 1175 604 1216 summae
623 1175 673 1215 ad
691 1176 865 1216 invicem
884 1176 924 1215 in
943 1174 1085 1216 eadem
1115 1189 1281 1217 arcuum
1310 1176 1488 1224 ratione,
1518 1190 1694 1232 cumque

158 1230 418 1269 velocitatum
445 1231 694 1269 incrementa
721 1231 787 1270 vel
816 1230 1077 1270 decrementa
1103 1230 1176 1271 fint
1202 1241 1246 1271 ut
1278 1230 1339 1270 hae
1366 1230 1601 1271 differentiae
1629 1235 1692 1273 vel

155 1281 341 1329 summae,
369 1282 600 1322 velocitates
630 1283 783 1337 semper
810 1293 926 1323 erunt
953 1293 997 1324 ut
1024 1297 1136 1324 arcus
1161 1285 1257 1325 toti:
1288 1285 1411 1337 Igitur
1435 1285 1691 1336 velocitates,

154 1335 183 1376 fi
211 1336 283 1377 sint
312 1337 353 1376 in
379 1336 514 1390 aliquo
541 1336 630 1376 casu
657 1347 702 1376 ut
730 1350 841 1378 arcus
868 1336 973 1384 toti,
1019 1338 1236 1378 manebunt
1271 1339 1425 1391 semper
1460 1339 1501 1380 in
1542 1340 1688 1381 eadem

150 1391 320 1432 ratione.
378 1391 457 1431 Sed
487 1390 528 1429 in
556 1390 753 1444 principio
791 1399 924 1430 motus
944 1418 955 1436 ‚
1000 1390 1068 1430 ubi
1108 1404 1279 1443 corpora
1304 1392 1500 1444 incipiunt
1527 1393 1690 1434 descen-

152 1445 250 1485 dere
278 1445 318 1484 &
345 1457 458 1485 arcus
484 1444 571 1484 illos
599 1444 824 1485 describere
841 1473 852 1492 ‚
880 1443 1006 1489 vires,
1034 1457 1126 1484 cum
1154 1444 1226 1484 fint
1255 1445 1423 1484 arcubus
1451 1449 1683 1498 proportio-

152 1500 281 1544 nales,
319 1498 566 1552 generabunt
591 1498 822 1540 velocitates
848 1498 1016 1539 arcubus
1043 1498 1374 1551 proportionales.
1430 1497 1544 1551 Ergo
1573 1501 1684 1540 velo-

149 1552 289 1592 citates
316 1554 469 1604 semper
495 1562 613 1591 erunt
642 1562 686 1591 ut
712 1566 825 1591 arcus
853 1552 931 1591 toti
957 1550 1231 1599 describendi,
1261 1551 1303 1591 ἅτ
1327 1562 1540 1605 propterea
1568 1566 1683 1596 arcus

143 1604 197 1646 illi
215 1606 326 1647 simul
344 1603 630 1646 describentur.
685 1605 740 1659 Q
767 1605 819 1643 E.
847 1605 910 1644 D.

289 1725 706 1768 PROPOSITIO
736 1725 911 1769 XXVII.
949 1723 1353 1769 THEOREMA
1381 1725 1515 1769 XXII.

132 1822 170 1872 S
170 1823 186 1870 i
201 1822 456 1890 Corporibus
480 1821 804 1891 Funependitlis
826 1813 1037 1885 resistitur
1068 1821 1116 1868 iri
1139 1820 1368 1887 duplicata
1390 1822 1564 1873 ratione
1586 1845 1666 1875 ve-

198 1891 423 1939 locitatum
438 1930 449 1950 ‚
488 1891 749 1955 differentiae
774 1892 892 1940 inter
914 1906 1116 1960 tempora
1140 1889 1457 1949 oscillationum
1481 1892 1530 1940 in
1554 1895 1664 1943 Me-

157 1978 162 1980 ·
197 1959 268 2007 dio
292 1959 508 2021 refistente
544 1979 596 2009 ac
617 1975 819 2029 tempora
858 1960 1173 2021 oscillatiormm
1205 1959 1253 2007 in
1289 1960 1482 2025 ejusdem
1498 1963 1662 2026 gravi-

194 2027 300 2075 tatis
322 2026 540 2094 specificae
563 2030 717 2079 Medio
748 2048 832 2078 non
867 2030 1110 2093 rcfistente‚
1149 2042 1279 2077 erunt
1315 2028 1501 2076 arcubus
1537 2031 1662 2090 oscil-

148 2129 151 2131 -
196 2096 327 2145 lando
363 2095 589 2164 descriptis
617 2099 997 2167 proportionales,
1037 2096 1412 2167 quamproxime.

176 2225 279 2267 Nam
308 2228 491 2280 pendulis
522 2231 733 2283 aequalibus
761 2231 801 2271 in
831 2230 977 2271 Medio
1005 2232 1202 2273 resistente
1239 2233 1512 2277 describantur
1540 2248 1654 2276 arcus

117 2281 354 2334 inaequales‚
381 2284 441 2330 A,
471 2282 503 2322 B
517 2302 532 2330 ;⁷
560 2285 598 2323 &
619 2285 831 2326 refistentia
848 2286 1027 2337 corporis
1047 2287 1087 2326 in
1106 2301 1198 2327 arcu
1219 2290 1281 2335 A,
1309 2290 1383 2328 erit
1404 2290 1454 2329 ad
1474 2290 1650 2329 resisten-

119 2337 213 2375 tiam
240 2337 420 2388 corporis
449 2338 489 2377 in
514 2349 622 2391 parte
653 2339 994 2392 correspondente
1022 2354 1133 2381 arcus
1163 2342 1218 2388 Β,
1246 2343 1287 2383 in
1309 2343 1507 2395 duplicata
1529 2343 1649 2382 ratio-

117 2401 168 2431 ne
196 2391 475 2440 velocitatum‚
502 2392 545 2434 id
574 2393 654 2442 est,
685 2403 728 2436 ut
757 2394 846 2435 AA
874 2393 923 2432 ad
951 2393 1030 2434 ssss
1049 2423 1059 2442 ,
1087 2408 1207 2449 quam
1237 2397 1435 2450 proxime?
1490 2396 1530 2435 Si
1560 2395 1653 2435 refi-

127 2462 130 2466 ’
840 2446 940 2488 Mm
969 2462 993 2487 2
1515 2448 1655 2490 stentia
