2079 3033
408 156 760 201 F'RIN‘CIP‘IA
789 153 1342 199 MATHEMATICA.
1570 151 1642 208 3‘81

80 234 83 236 ’
106 238 163 281 Et
179 247 391 295 propterea
418 238 535 288 dico,
562 239 783 293 secundum
810 238 1009 292 Regulam
1038 249 1197 278 auream
1216 267 1227 284 ‚
1252 235 1365 291 quod
1399 236 1427 277 fi
1456 236 1512 277 vis
1542 250 1632 278 cen·
1655 247 1797 280 Liuii

111 294 257 348 trifuga
288 297 333 347 ,ξς
354 293 472 335 faciat
496 305 542 336 ut
570 294 740 336 altitudo
763 294 880 348 'aquae
913 294 954 333 in
987 303 1103 333 crure
1129 291 1278 332 ACca
1311 292 1467 346 superet
1501 289 1846 333 altitu-Tssnue?

100 348 244 390 ‘dinem
280 360 394 401 aquae
431 349 472 390 in
506 346 624 389 vcrure
663 349 798 407 92,ch
833 357 944 401 parte
984 345 1195 387 centesima
1233 346 1356 387 totius
1394 346 1640 388 altitudinis:

106 404 167 444 vis
195 402 422 456 centrifuga
451 408 496 455 ιζ,
523 402 641 444 faciet
669 415 714 444 ut
744 400 922 443 excessus
955 400 1173 441 altitudinis
1206 402 1246 441 in
1272 414 1389 441 crure
1425 400 1570 442 Acca
1596 400 1642 442 fit

109 457 329 498 altitudinis
358 457 398 496 in
427 470 543 498 crure
571 457 696 498 altero
725 457 875 514 Qch
897 468 984 509 pars
1013 465 1184 495 tantum·
1204 464 1260 505 ᾗῇ.
1318 454 1387 495 Est
1413 455 1534 508 igitur
1565 456 1648 496 dia-

107 520 238 552 meter
254 511 399 551 Terrae
420 511 637 552 secundum
668 523 915 565 aequatorem
942 510 990 550 ad
1017 508 1132 562 ipsius
1161 509 1400 549 diametrum
1431 523 1502 562 per
1531 511 1645 562 polos

55 592 58 593 ν
81 595 86 597 -
105 577 149 605 tit
169 564 315 613 23o'ad
337 578 428 615 229.
465 564 646 617 Ideoque·
664 579 755 605 cum
774 565 918 604 Terrae
946 563 1239 603 semidiameter
1268 564 1504 609 mediocris,
1528 565 1641 616 juxt-a

51 642 55 644 >
103 619 325 661 mensuram
348 616 489 669 Caffim'
508 647 519 664 ‚
549 618 592 658 sit
613 619 761 669 pedum
785 616 1055 657 parisiensium
1076 622 1300 670 19695539‚
1330 619 1395 658 seu
1418 618 1645 659 milliarium

102 687 206 724 3939
236 670 384 725 (posito
411 671 522 724 quod
551 672 716 718 milliare
744 671 787 711 sit
823 670 1003 710 mensura
1031 673 1180 721 pedum
1212 672 1333 722 5000)
1364 672 1495 712 Terra
1524 673 1641 714 altior

102 726 178 767 erit
205 726 255 766 ad
284 725 554 779 AEquatorem
584 738 704 780 quam
735 725 787 766 ad
825 724 945 765 Pol-os
982 722 1140 763 excelsu
1178 725 1329 777 pedum
1368 726 1502 774 85820
1522 756 1533 774 ,
1569 728 1636 768 seu

100 780 324 822 milliarium
345 794 428 833 173.

157 889 198 932 Si
226 891 386 933 Planeta
415 889 540 943 major
570 889 615 930 fit
642 889 702 930 vel
734 888 864 928 minor
894 900 1013 939 quam
1040 885 1172 927 Terra
1201 896 1387 927 manente
1418 884 1501 938 ejus
1540 890 1639 930 deti-

104 945 216 986 fitate
253 959 298 987 ac
340 956 525 998 tempore
561 943 771 998 periodico
809 941 1068 983 revolutionis
1107 941 1291 988 diurnae,
1336 942 1509 982 manebit
1547 956 1640 996 pro-

103 1000 239 1053 portio
270 1000 329 1040 vis
357 999 595 1052 centrifugae
621 998 671 1039 ad
699 997 933 1051 gravitatem
955 1027 965 1044 ,
1005 997 1044 1036 &
1072 1006 1284 1048 propterea
1314 996 1488 1036 manebit
1515 998 1636 1038 etiam

103 1053 316 1107 proportio
343 1052 529 1093 diametri
556 1054 661 1093 inter
699 1053 812 1105 polos
848 1051 895 1091 ad
933 1052 1173 1091 diametrum
1203 1050 1423 1090 secundum
1461 1063 1639 1104 aequatoae-

102 1120 203 1148 rem.
260 1108 318 1147 At
343 1106 371 1147 fi
400 1118 533 1146 motus
570 1106 735 1147 diurnus
772 1105 811 1145 in
841 1106 995 1145 ratione
1023 1117 1261 1159 quacunque
1290 1105 1535 1147 acceleretur
1571 1107 1635 1148 vel

100 1161 354 1208 retardetur,
382 1160 592 1214 augebitur
619 1161 681 1201 vel
707 1160 908 1201 minuetur
935 1160 991 1199 vis
1017 1157 1239 1212 centrifuga
1267 1158 1307 1198 in
1335 1158 1534 1212 duplicata
1568 1161 1633 1201 illa

99 1216 281 1263 ratione,
320 1214 361 1255 &
399 1226 611 1268 propterea
649 1214 875 1255 differentia
911 1213 1197 1254 diametrorum
1220 1212 1437 1266 'augebitur
1465 1215 1526 1255 vel
1559 1216 1634 1256 mi-

98 1279 247 1310 nuetur
277 1270 318 1309 in
345 1271 485 1310 eadem
517 1269 716 1322 duplicata
743 1269 897 1309 ratione
934 1267 1253 1321 quamproxime.
1311 1266 1364 1308 Et
1400 1267 1433 1307 fi..
1463 1268 1633 1311 densitas

98 1323 276 1364 Planetae
300 1333 492 1375 augeatur
522 1324 584 1363 vel
617 1324 817 1363 minuatur
843 1322 884 1362 in
913 1322 1066 1361 ratione
1096 1322 1232 1374 quavis
1257 1350 1284 1368 ,.
1309 1321 1478 1375 gravitas
1505 1323 1627 1366 etiam

97 1379 138 1419 in
168 1378 294 1431 ipsum
325 1377 493 1417 tendens
528 1377 738 1430 augebitur
767 1376 828 1416 vel
868 1376 1070 1415 minuetur
1108 1377 1149 1415 in
1187 1375 1327 1415 eadem
1366 1376 1549 1423 ratione,
1587 1379 1631 1419 ὃς

98 1431 324 1473 differentia
362 1431 650 1472 diametrorum
689 1429 855 1471 vicissim
900 1429 1102 1469 minuetur
1148 1429 1189 1469 in
1227 1430 1380 1469 ratione
1427 1430 1650 1482 gravitatis·

97 1486 221 1526 auetae
250 1487 309 1527 vel
342 1485 553 1538 augebitur
588 1485 626 1525 in
667 1485 821 1525 ratione
857 1484 1058 1537 gravitatis
1096 1482 1315 1523 diminutae.
1375 1481 1495 1523 Unde
1529 1497 1643 1526 cum·

95 1540 227 1581 Terra
252 1540 431 1592 respettu
457 1539 624 1580 fixarum
652 1539 881 1579 revolvatur
910 1538 1017 1577 horis
1051 1551 1113 1590 23.
1152 1536 1214 1586 56'
1232 1564 1243 1582 ‚
1285 1536 1443 1590 Jupiter
1492 1548 1627 1580 autem

95 1594 204 1635 horis
221 1609 258 1646 9.
289 1594 350 1643 56‘
367 1625 376 1639 ,
415 1594 568 1645 sintque
588 1603 817 1644 tem-porum
835 1591 1025 1645 quadrata
1046 1601 1088 1630 ut
1117 1604 1167 1641 29
1195 1591 1246 1630 ad
1273 1605 1318 1640 5,
1347 1590 1386 1630 &
1418 1591 1631 1634 densitates

95 1658 140 1689 ut
179 1662 199 1696 ς
236 1647 286 1687 ad
331 1660 367 1687 1:
399 1645 625 1690 differentia
661 1644 1095 1696 diametrorumJovis
1133 1644 1210 1684 erit
1248 1645 1298 1684 ad
1335 1644 1450 1697 ipsius
1479 1645 1630 1687 diame-

95 1713 201 1742 trum
220 1703 418 1741 minorem
438 1711 481 1740 ut
504 1704 548 1754 ἱζ-
569 1706 639 1753 ><÷
659 1705 753 1751 ><2÷9
771 1699 819 1738 ad
843 1712 895 1745 r,
934 1699 1001 1738 seu
1022 1712 1037 1736 1
1063 1697 1112 1738 ad
1135 1697 1155 1737 8
1183 1699 1502 1751 quamproxime.
1559 1700 1630 1742 Est

92 1756 215 1809 igitur
233 1755 429 1796 diameter
446 1754 556 1806 Jovis
577 1755 624 1794 ab
644 1754 799 1795 oriente
824 1753 864 1792 in
894 1752 1154 1792 occidentem
1183 1751 1331 1799 dueta,
1350 1752 1400 1792 ad
1429 1753 1509 1805 ejus
1546 1755 1629 1796 dia-

94 1820 268 1850 metrum
297 1809 400 1849 inter
419 1810 531 1861 polos
557 1819 600 1848 ut
627 1822 655 1859 9¹
678 1807 727 1847 ad
758 1807 777 1846 8
807 1807 1112 1860 quamproxime
1132 1835 1144 1852 ‚
1173 1806 1214 1846 δε
1241 1817 1450 1859 propterea
1481 1807 1631 1849 diame-

95 1872 156 1903 ter
185 1864 288 1903 inter
317 1864 430 1915 polos
459 1862 514 1901 est
546 1862 659 1914 355².
716 1860 823 1901 Haee
853 1860 973 1900 itase
1003 1860 1147 1900 habent
1185 1873 1235 1900 ex
1270 1860 1477 1913 hypothesi
1516 1863 1629 1914 quod

91 1916 301 1956 uniformis
331 1916 375 1955 sit
405 1915 655 1955 planetarum
685 1915 858 1954 materia.
915 1914 1018 1955 Nam
1045 1914 1073 1954 fi
1111 1914 1271 1954 materia
1310 1914 1467 1954 densior
1495 1915 1548 1955 sit·
1578 1917 1629 1957 ad

92 1981 276 2010 centrum
307 1982 425 2022 quam
455 1969 503 2008 ad
536 1969 933 2012 circumferentiam;
971 1968 1164 2009 diameter
1193 1981 1300 2022 (με
1320 1970 1367 2009 ab
1396 1968 1551 2011 oriente
1588 1971 1630 2012 in

92 2023 349 2065 occidentem
372 2023 556 2085 ducitur,
586 2023 660 2064 erit
677 2022 810 2063 adhuc
830 2022 966 2075 major.

140 2131 251 2184 Jovis
281 2143 379 2171 vero
410 2130 652 2184 diametrum·
689 2144 780 2184 quae
800 2132 917 2184 polis
956 2131 1036 2184 ejus
1071 2131 1276 2184 interjacet
1315 2132 1527 2173 minorem:
1550 2127 1630 2174 effe

91 2185 290 2226 diametro
318 2186 436 2225 altera
466 2184 635 2236 Cafflnus
662 2185 817 2225 dudum
851 2186 1071 2226 observavit
1094 2216 1105 2234 ‚
1145 2188 1184 2227 &
1212 2186 1355 2227 Tetrae
1386 2187 1628 2227 diametrum

88 2239 194 2279 iri-ter
233 2240 350 2292 polos
384 2241 579 2278 minorem
629 2239 707 2279 effe
753 2240 951 2280 diametro
995 2240 1115 2282 altera
1153 2241 1313 2295 patebit.
1349 2254 1500 2295 pere-a
1537 2253 1628 2295 quae

88 2294 284 2335 dicentur.-
297 2294 340 2334 in*
358 2292 859 2347 propositionesequente.
1348 2305 1351 2307 ·
1619 2318 1621 2320 -

774 2393 880 2436 Bbb·
911 2395 935 2443 3·
1128 2381 1134 2389 '
1472 2397 1624 2439 ΡΜ).-
