2079 3033
845 171 883 213 E
934 169 977 212 D
1032 168 1049 209 I
1105 168 1149 209 T
1202 168 1243 211 O
1294 169 1338 211 R
1388 170 1409 209 'l
1457 167 1490 210 S

409 263 508 293 eum
536 254 682 295 nullam
708 255 790 306 ejus
818 252 1034 294 sensibilem
1060 250 1384 291 imminutionem
1402 279 1413 298 ,
1455 251 1519 291 vel
1542 232 1605 290 in:
1615 249 1800 292 altiffimis
1829 262 1944 292 mon-

418 305 519 346 tium
546 308 836 353 cacuminibus,
865 305 1070 345 observare
1096 305 1202 345 licet.
1258 304 1444 345 Gravitat
1473 305 1609 358 itaque
1627 303 1743 344 Luna
1768 306 1810 345 in
1837 303 1944 346 Ter-

416 372 533 400 ram:
564 363 661 415 quin
691 363 731 401 &
759 361 913 400 afflone
943 369 1103 406 mutua,
1141 358 1271 399 Terra
1300 358 1467 398 viciffim
1492 358 1533 398 in
1560 358 1716 398 Lunam
1746 354 1946 410 aequaliter

419 415 613 466 gravitat:
644 415 685 455 id
714 413 823 467 quod
852 413 1009 453 abunde
1036 411 1200 466 quidem
1229 411 1488 452 confirmatur
1514 412 1557 452 in
1583 412 1657 452 hac
1676 410 1949 462 Philosophia,

422 467 490 507 ubi
518 470 646 521 agitur
676 469 728 507 de
757 466 882 507 Maris
911 466 1004 507 aestu
1024 467 1064 505 δε
1085 464 1440 519 AEquinoffiorum
1456 464 1735 518 praeceffione,
1762 463 1810 504 ab
1829 464 1948 504 aerio-

420 534 471 560 ne
492 532 577 561 tum
596 523 724 561 Lunae
737 530 830 561 -tum
849 521 949 561 Solis
967 522 1006 560 in
1024 519 1199 559 Terram
1219 518 1411 559 oriundis.
1468 518 1582 559 Hinc
1604 518 1645 559 δε
1667 518 1765 559 illud
1786 516 1951 558 tandem

419 574 662 622 edocemur,
689 588 767 628 qua
792 576 980 615 nimirum
1010 574 1101 622 lege
1128 573 1185 613 vis
1204 571 1421 613 Gravitatis
1448 571 1651 613 decrescat
1680 572 1721 612 in
1737 571 1952 623 majoribus

419 640 440 666 a
468 627 634 669 Tellure
663 629 864 669 distantiis.
922 628 1025 668 Nam
1054 639 1146 667 cum
1168 625 1360 667 Gravitas
1385 638 1469 667 non
1497 625 1649 666 diversa
1677 626 1722 666 fit
1745 624 1839 666 aVi
1858 637 1953 665 cen-

416 680 562 734 tripeta
589 682 758 730 Lunari,
791 683 876 723 haec
905 694 1003 722 vero
1032 680 1078 721 fit
1104 680 1314 734 reciproce
1344 680 1650 734 proportionalis
1678 678 1873 733 quadrato
1888 678 1953 719 di-

418 734 590 782 stantiae;
622 737 868 778 diminuetur
888 736 928 776 δε
949 735 1133 775 Gravitas
1151 735 1191 775 in
1210 734 1350 775 eadem
1371 734 1536 774 ratione.

474 789 785 842 Progrediamur
825 790 905 843 jam
940 789 990 829 ad
1029 788 1209 829 Planetas
1247 788 1432 841 reliquos.
1500 789 1703 838 Quoniam
1735 785 1956 828 revolutio-

420 855 490 883 nes
527 844 805 896 primariorum
839 844 944 885 circa
986 841 1122 883 Solem
1159 842 1202 882 δε
1237 842 1562 883 secundariorum
1597 843 1701 883 circa
1731 840 1875 894 J0vem
1911 840 1955 880 &

422 897 635 938 Saturnum
671 899 758 939 sunt
795 898 1068 939 Phaenomena
1104 895 1261 949 generis
1299 895 1474 948 ejusdem
1510 909 1556 936 ac
1590 895 1791 937 revolutio
1821 893 1952 934 Lunae

421 951 528 991 circa
556 952 751 1000 Terram,
791 953 979 1005 quoniam
1009 963 1131 1004 porro
1161 950 1473 991 demonstratum
1501 949 1556 990 est
1583 951 1685 990 vires
1713 947 1954 1001 centripetas

422 1005 700 1056 primariorum
737 1006 853 1059 dirigi
894 1005 1024 1046 versus
1063 1013 1248 1045 centrum
1285 1004 1415 1050 Solis,
1461 1003 1784 1044 secundariorum
1821 1001 1956 1042 versus

423 1069 560 1099 centra
583 1058 694 1111 Jovis
724 1060 763 1100 δε
781 1060 963 1105 Saturni,
993 1058 1339 1111 quemadmodum
1357 1057 1487 1099 Lunae
1507 1059 1563 1097 vis
1583 1059 1807 1111 centripeta
1822 1055 1956 1096 versus

423 1111 566 1152 Terrae
596 1123 780 1154 centrum
808 1113 1016 1166 dirigiturss
1058 1112 1218 1158 adhaee,
1247 1112 1436 1165 quoniam
1463 1124 1601 1152 omnes
1630 1111 1706 1151 illae
1735 1110 1838 1150 vires
1864 1108 1956 1149 sunt

425 1166 632 1219 reciproce
660 1177 703 1207 ut
733 1167 924 1222 quadrata
959 1166 1228 1207 distantiarum
1255 1179 1275 1205 a
1303 1165 1448 1205 centris
1466 1194 1477 1213 ,
1524 1164 1869 1217 quemadmodum
1898 1163 1957 1203 vis

423 1218 554 1260 Lunae
582 1221 637 1261 est
662 1232 706 1261 ut
725 1221 965 1275 quadratum
985 1220 1178 1260 distantiae
1198 1234 1219 1259 a
1235 1219 1366 1259 Terra
1386 1232 1395 1259 z
1425 1218 1751 1260 concludendum
1771 1217 1846 1257 erit
1864 1229 1957 1256 ean-

423 1273 519 1313 dem
547 1273 623 1315 effe
651 1285 831 1315 naturam
867 1274 1068 1315 univerfis.
1123 1273 1260 1327 Itaque
1286 1282 1330 1313 ut
1357 1272 1475 1313 Luna
1501 1272 1668 1326 gravitat
1691 1272 1736 1312 ‘in
1763 1270 1958 1317 Terram,

425 1327 468 1366 δε
496 1327 626 1368 Terra
655 1328 822 1368 vicissim
849 1329 889 1369 in
916 1328 1106 1373 Lunam
1153 1327 1204 1368 fic
1231 1327 1353 1367 etiam
1380 1326 1629 1379 gravitabunt
1657 1338 1795 1366 omnes
1822 1325 1961 1365 secun-

427 1380 527 1421 darii
555 1382 596 1422 in
628 1382 836 1435 primarios
863 1382 972 1428 suos,
1002 1382 1044 1421 &
1068 1382 1243 1434 primarii
1272 1380 1441 1421 viciffim
1465 1381 1507 1421 in
1526 1379 1804 1427 secundarios3
1833 1376 1886 1419 fic
1917 1378 1961 1418 δε

429 1444 571 1476 omnes
591 1437 764 1488 primarii
783 1436 824 1477 in
841 1436 975 1476 Solem
988 1465 998 1483 ,
1029 1435 1068 1475 ἃ
1093 1435 1160 1475 Sol
1179 1433 1346 1475 viciffim
1364 1435 1404 1474 in
1423 1434 1641 1487 primarios.

480 1489 602 1540 Igitur
640 1490 707 1529 Sol
742 1490 783 1529 in
816 1489 995 1529 Planetas
1027 1489 1228 1529 universos
1266 1489 1429 1539 gravitat
1465 1488 1506 1528 δε
1542 1486 1711 1528 univerfi
1744 1488 1786 1528 in
1814 1486 1960 1527 Solem.

423 1543 526 1582 Nam
561 1542 781 1581 secundarii
818 1542 913 1581 dum
942 1542 1150 1594 primarios
1178 1542 1266 1580 suos
1294 1541 1537 1580 comitantur
1556 1570 1568 1587 ,
1613 1542 1873 1581 revolvuntur
1899 1540 1961 1581 in-

423 1606 531 1635 terea
556 1596 707 1635 circum
730 1595 864 1634 Solem
892 1607 972 1633 una
989 1607 1082 1633 curn
1101 1593 1305 1643 primariis.
1362 1592 1524 1633 Eodem
1542 1594 1677 1646 itaque
1697 1601 1958 1646 argumento,

423 1648 628 1701 utriusque
656 1648 809 1700 generis
829 1647 1007 1687 Planetae
1036 1645 1231 1698 gravitant
1260 1645 1302 1683 in
1323 1644 1487 1694 Solem,
1516 1645 1556 1683 &
1577 1646 1644 1684 Sol
1660 1648 1700 1685 in
1719 1646 1833 1697 ipsOS.
1888 1646 1957 1686 Se-

425 1701 638 1743 cundarios
676 1714 781 1743 vero,
808 1700 989 1740 Planetas
1020 1699 1061 1739 in
1094 1698 1229 1738 Solem
1255 1697 1450 1750 gravitare
1476 1696 1634 1737 abunde
1668 1698 1825 1750 insuper
1860 1711 1959 1739 con-

427 1756 497 1797 stat
524 1769 574 1796 ex
605 1753 933 1809 inaequalitatibus
961 1752 1217 1796 Lunaribus;
1265 1762 1433 1804 quarum
1462 1750 1787 1791 accuratissimam
1817 1750 1959 1792 Theo-

427 1810 548 1856 riam,
575 1808 805 1849 admiranda
830 1807 1037 1861 sagacitate
1065 1804 1319 1860 patefaciam,
1348 1804 1389 1845 in
1409 1805 1529 1845 tertio
1552 1805 1663 1858 hujus
1684 1805 1828 1860 Operis
1855 1806 1959 1847 libro

424 1863 642 1916 expofitam
661 1862 861 1903 habemus.
1681 1862 1683 1865 ⁴

479 1917 808 1971 Solisrvirtutem
846 1916 1093 1957 attraffivam
1130 1915 1456 1968 quoquoversum
1493 1914 1700 1968 propagari
1738 1916 1788 1957 ad
1817 1916 1957 1969 ingen-

426 1981 484 2012 tes
511 1972 633 2024 usque
659 1970 878 2017 distantias,
916 1970 956 2011 ἅτ
981 1970 1059 2011 sese
1086 1969 1314 2010 diffundere
1339 1969 1389 2010 ad
1420 1968 1583 2021 fingulas
1604 1969 1848 2022 circumjecti
1873 1971 1956 2021 spa-

426 2027 471 2067 tii
499 2036 648 2079 partes,
687 2024 927 2077 apertiffime
954 2024 1087 2076 colligi
1113 2022 1242 2077 potest
1268 2037 1319 2064 ex
1344 2032 1460 2065 motu
1485 2022 1770 2070 Cometarum3
1808 2023 1876 2078 qui
1905 2023 1953 2063 ab

424 2080 620 2121 immensis
661 2079 874 2119 intervallis
908 2077 1076 2131 profeffi
1115 2077 1295 2117 feruntur
1319 2078 1360 2118 in
1391 2076 1576 2117 viciniam
1603 2076 1731 2126 Solis,
1778 2079 1819 2117 δε
1854 2089 1954 2117 non-

422 2147 626 2187 nunquam
663 2133 764 2173 adeo
799 2133 847 2172 ad
875 2132 1000 2185 ipsum
1031 2132 1213 2184 proxime
1241 2131 1438 2172 accedunt
1467 2139 1510 2170 ut
1538 2128 1718 2171 Globum
1745 2131 1827 2184 ejus
1844 2159 1857 2178 ,
1911 2131 1954 2171 in

423 2189 627 2230 Periheli'is
655 2188 730 2227 suis
758 2186 952 2228 versantes
972 2215 984 2233 ,
1029 2193 1183 2226 tantum
1211 2198 1293 2225 non
1320 2185 1556 2237 contingere
1585 2184 1805 2226 videantur.
1861 2184 1956 2224 Ho-

425 2256 513 2285 rum
543 2242 763 2283 Theoriam
795 2242 842 2280 ab
879 2238 1128 2280 Astronom-i's
1166 2239 1333 2279 antehac
1369 2238 1507 2281 frustra
1545 2238 1776 2291 quaesitam,
1819 2238 1954 2278 nostro

427 2297 587 2337 tandem
634 2295 776 2337 saeculo
814 2294 984 2335 feliciter
1019 2293 1221 2333 inventam
1261 2294 1302 2332 δε
1338 2305 1407 2346 per
1444 2291 1750 2332 Observationes
1786 2291 1952 2333 certiffi-

427 2364 492 2392 me
518 2350 823 2392 demonstratam
839 2378 849 2398 ‚
887 2347 1207 2390 Praestantiffimo
1235 2347 1370 2389 nostro
1393 2346 1563 2388 Austori
1582 2346 1784 2388 debemus.
1833 2346 1956 2406 ‘Patet'

1833 2410 1954 2452 igitur
