2079 3033
386 154 1467 308 ED'IToRts

172 398 1722 519 PRAEFATIO..

293 616 629 658 EWTONIANAE
657 615 924 670 Philosophiae
950 630 1094 659 novam
1125 618 1228 669 tibi,
1267 620 1419 663 Lerfior
1452 622 1649 667 benevole
1668 653 1681 672 ‚

138 621 452 751 Ndiuque
489 671 749 712 desideratam
786 670 1050 721 Editionem,
1095 674 1312 726 plurimum
1349 689 1456 716 nunc
1487 678 1678 718 emenda-

178 779 183 781 ·
301 735 382 766 tam
419 734 539 779 atque
575 725 793 767 auffiorem
834 726 1081 769 exhibemus
1138 728 1243 782 Quae
1272 729 1518 780 potiffimum
1543 732 1679 772 ,conti-

135 791 305 823 neantur
332 781 373 821 in
399 779 478 821 hoc
507 781 642 833 Opere
670 780 937 821 celeberrimo
958 812 968 829 ‚
1014 781 1237 835 intelligere
1263 792 1377 835 potes
1407 797 1457 823 ex
1474 783 1676 825 Indicibus

135 834 325 888 adjectis:
358 847 448 886 quae
477 835 539 875 vel
569 834 766 875 addantur
795 835 860 874 vel
888 834 1183 883 immutentur,
1220 836 1300 889 ipsa
1328 846 1368 877 te
1398 836 1482 877 fere
1511 837 1675 878 docebit

138 889 327 931 Auctoris
355 888 556 929 Praefatio.
613 888 834 942 Reliquum
861 888 936 938 est,
964 899 1007 931 ut
1033 890 1266 944 adjiciantur
1294 893 1482 933 nonnulla
1510 891 1562 932 de
1582 892 1678 932 Me=

132 944 266 985 rhodo
285 943 398 994 hujus
417 942 694 996 Philosophiae.

195 998 279 1051 Qui
313 997 518 1050 Phyficam
556 997 799 1039 tractandam
827 999 1082 1053 susceperunt
1100 1028 1111 1046 ‚
1154 998 1204 1039 ad
1235 1009 1313 1040 tres
1342 1000 1426 1040 fere
1457 998 1588 1040 claffes
1618 1013 1681 1040 re*

137 1053 273 1094 vocari
293 1050 462 1105 poss'unt.
520 1050 754 1093 Extiterunt
775 1053 904 1101 enim,
932 1054 1001 1106 qui
1021 1053 1178 1105 fingulis
1196 1066 1330 1094 rerum
1349 1053 1552 1107 speciebus
1571 1053 1682 1108 Quae=

139 1107 268 1148 litates
294 1105 493 1160 specificas
519 1105 560 1145 δε
589 1108 765 1147 occultas
792 1107 1026 1153 tribuerint;
1065 1120 1116 1147 ex
1133 1106 1274 1160 quibus
1293 1107 1443 1148 deinde
1461 1120 1681 1161 corporum

138 1161 382 1214 singulorum
413 1160 692 1214 operationes,
734 1161 871 1214 ignota
900 1161 1075 1215 quadam
1103 1162 1259 1202 ratione
1279 1189 1291 1207 ‚
1335 1162 1520 1215 pendere
1544 1162 1681 1202 volue-

135 1225 240 1257 runt.
298 1215 340 1255 ln
366 1214 443 1254 hoc
472 1214 595 1268 polita
626 1213 682 1255 est
706 1215 856 1256 summa
881 1215 1074 1262 docirinae
1103 1215 1375 1263 Scholasticae‚
1404 1216 1451 1256 ab
1472 1215 1681 1263 Aristotele

133 1270 175 1311 &
205 1268 480 1322 Peripateticis
517 1269 738 1309 derivatae:
778 1268 998 1310 Affirmant
1034 1271 1174 1323 utique
1213 1270 1381 1323 singulos
1412 1268 1591 1310 Effectus
1628 1282 1680 1310 ex

136 1336 354 1378 corporum
391 1322 649 1376 singularibus
687 1324 848 1365 Naturis
885 1325 1013 1370 oriri;
1073 1334 1111 1363 at
1146 1324 1254 1364 und-e
1293 1324 1366 1364 sint
1402 1323 1477 1364 illae
1517 1323 1682 1364 Naturae

136 1391 219 1419 non
246 1378 421 1423 docent;
452 1377 549 1417 nihil
576 1378 711 1432 itaque
737 1377 900 1431 docent.
958 1377 1148 1432 Cumque
1176 1379 1252 1418 toti
1280 1378 1353 1418 fint
1380 1378 1420 1418 in
1444 1390 1578 1428 rerum
1607 1390 1682 1417 no-

69 1450 76 1452 s
135 1431 328 1477 minibus,
367 1444 449 1472 non
477 1431 518 1472 in
546 1431 634 1484 ipfis
662 1432 810 1478 rebus;
849 1433 1090 1473 Sermonem
1117 1431 1319 1485 quendam
1348 1430 1675 1484 Philosopbicum

135 1486 327 1527 censendi
364 1487 452 1528 sunt
481 1485 723 1526 adinveniffe
741 1514 754 1532 ,
801 1486 1097 1537 Philosophiam
1127 1485 1328 1525 tradidisse
1357 1496 1439 1525 non
1467 1485 1555 1525 sunt
1583 1497 1677 1526 cen·

136 1540 261 1580 sendi.

189 1590 271 1633 Alii
299 1604 397 1643 ergo
425 1590 599 1630 melioris
624 1590 843 1640 diligentiae
871 1589 1031 1628 laudem
1059 1590 1250 1642 consequi
1276 1589 1505 1643 sperarunt,
1534 1591 1678 1643 rejet‘ia

136 1644 441 1689 Vocabulorum
475 1640 606 1682 inutili
640 1641 850 1695 farragine.
908 1641 1142 1683 statuerunt
1177 1643 1312 1696 itaque
1349 1644 1562 1685 Materiam
1596 1647 1681 1687 uni-

133 1700 283 1741 versam
303 1698 599 1749 homogeneam
619 1694 720 1743 effe,
751 1709 915 1737 omnem
936 1694 1283 1737 veroFormarum
1304 1699 1557 1745 varietatem,
1585 1711 1677 1752 quae

135 1755 176 1796 in
195 1751 431 1806 corporibus
458 1750 657 1798 cernitur,
695 1763 745 1790 ex
776 1750 1055 1804 particularum
1086 1752 1419 1804 componentium
1448 1752 1680 1805 fimpliciffi-
1730 1800 1731 1803 Ἴ

135 1809 208 1850 mis
238 1805 473 1861 quibusdam
504 1803 545 1843 δε
574 1804 778 1844 ἰῑπεΠεξὶυ
803 1804 1000 1845 facillimis
1027 1802 1301 1847 affefflonibus
1321 1806 1428 1847 oriri.
1487 1806 1542 1847 Et
1568 1807 1676 1848 reete

165 1862 299 1904 uidem
330 1858 552 1914 progressio
580 1859 796 1899 instituitur
825 1873 845 1899 a
874 1859 1175 1911 fimplicioribus
1203 1860 1253 1900 ad
1283 1861 1407 1913 magis
1433 1861 1676 1914 composita,

133 1877 161 1958 Pi
190 1915 472 1971 particularum
501 1913 696 1966 primariis
725 1913 798 1954 illis
827 1911 1102 1954 affeffionibus
1131 1927 1215 1954 non
1249 1915 1345 1955 alios
1381 1915 1560 1963 tribuunt
1588 1928 1676 1955 mo-

135 1971 208 2012 dos
229 2000 240 2018 ‚
286 1982 406 2022 quam
445 1968 561 2022 quos'
583 1967 662 2021 ipsa
701 1968 839 2008 tribuit
868 1968 1032 2009 Natura.
1091 1967 1248 2009 Verum
1278 1968 1346 2021 ubi
1375 1969 1577 2010 licentiam
1606 1969 1677 2010 fibi

134 2025 362 2070 assumunt,
406 2021 585 2076 ponendi
623 2022 878 2075 quascunque
914 2021 1010 2062 libet
1050 2023 1208 2075 ignotas
1245 2023 1416 2076 partium
1452 2023 1595 2076 figuras
1634 2023 1677 2069 ,δε

136 2078 450 2132 magnitudines,
480 2076 738 2130 incertosque
764 2076 855 2117 situs
882 2076 924 2116 δε
950 2087 1107 2122 motus;
1140 2078 1237 2130 quin
1262 2077 1304 2117 δε
1331 2076 1509 2129 fingendi
1535 2076 1675 2118 Fluida

134 2133 319 2189 quaedam
346 2135 526 2178 occulta,
553 2143 644 2184 quae
672 2144 889 2184 corporum
913 2144 1031 2181 poros
1057 2130 1258 2172 liberrime
1283 2140 1513 2183 permeent,
1544 2132 1675 2171 omni-

134 2197 303 2242 potente
341 2185 507 2238 praedita
535 2185 746 2225 subtilitate
767 2214 778 2231 ,
823 2185 1076 2239 motibusque
1104 2185 1271 2226 occultis
1296 2184 1470 2237 agitata;
1513 2184 1594 2236 jam
1623 2185 1673 2225 ad

136 2243 287 2282 somnia
315 2240 553 2281 delabuntur
572 2269 583 2286 ,
630 2239 808 2293 neglecta
834 2252 968 2280 rerum
992 2239 1278 2280 constitutione
1307 2252 1427 2279 vera:
1464 2251 1552 2292 quae
1584 2238 1673 2279 sane

136 2294 276 2336 frustra
311 2294 485 2346 petenda
521 2294 576 2333 est
614 2307 665 2334 ex
693 2294 892 2335 fallacibus
920 2293 1154 2349 conjecturis
1173 2323 1185 2343 ,
1233 2306 1326 2335 cum
1356 2293 1424 2333 vix
1453 2294 1573 2333 etiam
1602 2302 1673 2345 per

140 2347 371 2391 certissimas
417 2348 725 2391 Observationes
769 2348 993 2443 investigm
1031 2346 1162 2402 poss-it.
1238 2348 1323 2402 Qui
1359 2347 1674 2441 speculatsionurn

963 2417 985 2441 a
1539 2412 1678 2441 uarum
