2079 3033
329 149 344 159 »ν
406 141 488 180 424
722 116 1212 167 PHILOSOPHIAE
1261 116 1690 170 NATURALIS

213 218 262 248 ΒΕ
289 216 403 245 Meum
419 208 545 251 menti
574 208 693 249 annui
733 203 911 259 praediffi
950 203 1063 256 supra
1098 200 1332 241 distantiam
1352 199 1526 254 Apogaei
1554 199 1683 241 Lunae
1711 215 1733 242 a
1761 203 1943 258 Perigaeo

215 256 405 285 &mmm
423 261 524 305 Solis
551 263 591 302 in
621 259 937 313 consequentiag
996 258 1058 297 vel
1089 255 1201 310 quod
1230 253 1397 307 perinde
1427 255 1482 294 est
1509 282 1521 300 ,
1579 255 1755 308 capiatur
1783 261 1946 313 angulus

423 316 566 359 CDF
589 314 747 368 aequalis
769 313 1072 365 complemento
1094 308 1317 365 Anomaliae
1346 320 1452 348 verae
1482 308 1583 365 Solis
1611 309 1661 349 ad
1692 310 1840 362 gradus,
1858 319 1946 364 360.

419 372 474 413 Et
504 370 548 411 fit
576 369 679 409 DF
700 367 752 409 ad
779 367 878 407 DC
901 377 945 406 ut
966 365 1085 418 dupla
1111 361 1400 404 Eccentricitas
1427 362 1547 403 Orbis
1565 365 1696 417 magni
1725 363 1776 404 ad
1806 363 1946 409 distan-

423 426 516 465 tiam
548 423 800 463 mediocrem
829 421 929 461 Solis
954 420 1149 464 aTerra‚
1179 417 1220 456 δε
1240 427 1373 456 motus
1391 416 1547 457 medius
1578 418 1744 458 diurnus
1770 416 1870 459 Solis
1899 422 1947 462 ab
2003 449 2022 460 ί

423 480 611 532 Apogaeo
641 477 771 518 Lunae
809 474 860 515 ad
898 485 1056 515 motum
1095 471 1275 512 medium
1310 469 1499 510 diurnum
1538 471 1725 512 Solisab
1764 473 1950 526 Apogaeo

423 533 588 587 proprio
617 529 862 584 conjunfflm
882 558 893 576 ,
927 528 970 569 id
999 527 1055 567 est
1075 553 1088 572 ,
1133 535 1178 566 ut
1208 540 1224 572 3
1235 538 1274 572 31
1300 523 1349 563 ad
1383 537 1486 571 1000
1517 525 1557 565 δε
1589 523 1659 575 52‘.
1689 526 1763 580 27⁰.²
1796 526 1866 566 16'‘'
1902 529 1953 569 ad

425 591 484 637 59'
516 585 562 627 8⁰.
598 586 667 626 1o''‘
703 583 948 637 conjunffim
969 612 980 630 ,
1017 582 1095 622 sive
1134 590 1186 634 ut,
1209 593 1225 626 3
1259 577 1309 617 ad
1341 591 1426 633 ¹90·
1483 577 1953 632 Etconcipece'ntrum
1988 603 1989 606 ¹

426 639 546 681 Orbis
575 640 705 680 Lunae
735 638 859 679 locari
887 638 928 678 in
945 635 1094 690 pisneio
1125 633 1181 680 F,
1212 632 1250 671 δί
1273 631 1314 670 in
1339 630 1534 686 Epicyclo
1563 633 1673 686 cujus
1694 645 1878 675 centrum
1896 636 1953 677 est

423 694 475 734 D
504 693 544 734 δε
574 694 707 735 radius
737 692 838 733 DF
865 693 1015 732 interea
1052 687 1204 729 revolvi
1243 685 1340 743 dum
1379 685 1569 739 punc'tum
1607 689 1658 727 D
1694 689 1953 741 progreditur

425 748 468 789 in
497 747 823 789 circumferentia
858 743 996 786 circuli
1026 741 1243 783 DABD.
1302 739 1395 779 Hac
1425 740 1531 781 enim
1571 742 1727 782 ratione
1764 744 1953 785 velocitas

426 815 503 856 qua
532 813 715 843 centrum
743 800 864 841 Orbis
891 798 1021 841 Lunae
1049 796 1089 836 in
1119 796 1219 835 linea
1236 792 1408 846 quadam
1438 807 1559 835 curva
1586 797 1738 835 circum
1769 808 1954 849 centrum

426 858 463 896 C
487 855 685 909 descripta
716 854 942 895 movebitur
964 879 975 897 ‚
1020 851 1095 890 erit
1123 848 1332 900 reciproce
1364 858 1406 888 ut
1437 848 1562 889 cubus
1591 848 1784 890 distantiae
1809 848 1911 891 Solis
1932 865 1955 892 a

348 946 352 947 γ
427 910 559 951 Terra
580 909 885 964 quamproxime
902 934 914 952 ,
942 914 985 944 ut
1004 913 1179 961 oporter.
1361 945 1364 948 ‚
1840 944 1843 945 ⁷

482 963 748 1016 Computatio
779 970 911 1001 motus
940 958 1054 1010 hujus
1084 955 1258 999 difficilis
1282 955 1365 1003 est,
1395 954 1461 996 sed
1489 953 1643 998 facilior
1672 957 1865 999 reddetur
1884 970 1955 1011 per

429 1017 819 1073 approximationem
847 1014 1092 1066 sequentem.
1132 1011 1171 1051 Si
1193 1011 1374 1053 distantia
1396 1010 1611 1052 mediocris
1631 1010 1762 1052 Lunae
1781 1025 1802 1052 a
1822 1012 1954 1053 Terra

428 1073 472 1113 sit
502 1071 673 1124 partium
706 1082 884 1115 rooooo,
921 1067 962 1106 δε
990 1066 1280 1107 Eccentricitas
1305 1064 1385 1104 TC
1414 1064 1457 1103 sir
1488 1066 1657 1117 partium
1686 1079 1791 1115 5505
1819 1075 1863 1107 ur
1891 1066 1954 1105 su-
2016 1066 2020 1073 '

429 1138 526 1180 pra:
556 1124 662 1166 refia
690 1124 768 1166 CB
797 1123 861 1164 vel
890 1121 981 1162 CD
1009 1119 1235 1162 invenietur
1266 1119 1439 1174 partium
1470 1132 1586 1176 1172}
1604 1153 1613 1167 ,
1654 1119 1695 1161 δε
1721 1119 1828 1161 recia
1855 1119 1958 1160 DF

859 1247 1495 1431 ffflss

429 1606 601 1660 partium
633 1604 710 1653 354.
766 1604 820 1645 Et
848 1605 933 1647 haec
957 1605 1064 1645 recia
1099 1604 1150 1644 ad
1186 1602 1406 1643 distantiam
1436 1596 1515 1639 TC
1538 1598 1740 1640 subtendit
1765 1605 1953 1656 angulum

433 1661 484 1700 ad
513 1659 685 1699 Terram
711 1670 832 1714 quem
863 1658 1065 1699 transsatio
1093 1657 1221 1695 centri
1239 1655 1358 1694 Orbis
1382 1667 1404 1691 a
1423 1654 1515 1691 loco
1538 1652 1587 1690 D
1606 1652 1654 1692 ad
1675 1655 1808 1696 locum
1829 1657 1874 1697 F
1884 1671 1954 1711 ge-

435 1722 548 1754 nerat
574 1712 615 1751 in
636 1720 750 1750 motu
773 1712 902 1751 centri
929 1710 1041 1762 hujus
1060 1723 1069 1748 :
1100 1708 1141 1748 δε
1159 1708 1302 1747 eadem
1328 1705 1434 1746 ref'ta
1464 1703 1661 1756 duplicata
1681 1707 1720 1747 in
1740 1707 1813 1749 s1tu
1833 1714 1966 1763 parab,

438 1768 515 1807 lelo
534 1764 584 1805 ad
606 1763 828 1803 distantiam
848 1764 1060 1817 superioris
1080 1761 1254 1804 umbilici
1272 1760 1395 1801 Orbis
1415 1759 1544 1818 Lunae
1563 1772 1583 1797 a
1602 1759 1732 1801 Terra
1747 1790 1758 1808 ,
1796 1763 1956 1806 subten-

435 1820 497 1860 dir
519 1817 692 1858 eundem
711 1818 899 1870 angulum
927 1846 938 1864 ‚
967 1830 1088 1871 quem
1119 1816 1260 1868 utique
1278 1812 1481 1853 transsatio
1501 1812 1564 1851 illa
1590 1824 1752 1865 generat
1770 1817 1811 1857 in
1842 1830 1957 1861 motu

435 1871 635 1925 umbilici,
673 1870 715 1910 δε
734 1872 783 1923 ad
814 1871 1036 1922 distantiam
1055 1870 1185 1911 Lunae
1215 1882 1235 1908 a
1264 1865 1611 1925 Terrasutbtendit
1631 1869 1818 1920 angulum
1832 1867 1958 1924 'quem

437 1927 579 1968 eadem
597 1924 798 1965 transsatio
824 1934 986 1978 generat
1007 1925 1049 1964 in
1076 1933 1189 1964 motu
1210 1921 1361 1967 Lunae,
1400 1928 1553 1980 quique
1575 1932 1785 1972 propterea
1805 1925 1958 1980 AEqua-

439 1982 497 2021 tio
518 1979 646 2020 centri
671 1978 854 2019 Secunda
871 1978 951 2019 dici
972 1977 1111 2031 potestz
1148 1975 1202 2017 Et
1223 1976 1308 2015 haec
1327 1973 1523 2027 AEquatio
1544 1986 1584 2013 in
1604 1974 1799 2018 mediocri
1826 1979 1957 2022 Lunae

426 2033 623 2077 distantia
641 2045 662 2071 a
688 2031 840 2080 Terra,
876 2032 984 2073 estut
1007 2032 1106 2072 sinus
1127 2029 1260 2083 anguli
1278 2032 1399 2082 quern
1417 2026 1522 2067 reesa
1543 2028 1605 2068 illa
1625 2029 1726 2079 DF
1739 2044 1832 2073 cum
1851 2035 1958 2076 resta

442 2102 463 2128 a
488 2086 637 2140 pumero
667 2085 710 2125 F
733 2086 783 2126 ad
812 2087 972 2127 Lunam
993 2085 1110 2126 duria
1129 2084 1311 2139 continet
1340 2082 1643 2135 quamproxime
1661 2112 1672 2130 ,
1710 2084 1750 2123 &
1781 2087 1848 2127 ubi
1875 2102 1957 2129 ma-

445 2142 552 2183 xima
570 2140 626 2181 est
642 2139 777 2196 qvadit
805 2141 851 2180 2‘.
880 2140 962 2190 25‘'.
1019 2139 1202 2192 Angulus
1230 2146 1363 2177 autem
1391 2148 1511 2187 quem
1540 2135 1644 2182 resta
1672 2138 1831 2180 DF&
1850 2142 1955 2183 resta

447 2208 467 2235 a
497 2193 646 2246 pune'io
675 2194 718 2233 F
739 2194 787 2233 ad
807 2194 965 2234 Lunam
998 2192 1115 2233 due'ta
1142 2190 1514 2249 comprehendunt,
1551 2190 1752 2246 invenitur
1780 2196 1841 2234 vel
1869 2196 1959 2244 subn

444 2247 635 2288 ducendo
662 2248 850 2300 angulum
880 2247 921 2287 E
930 2247 1030 2287 DF
1045 2248 1092 2287 ab
1113 2245 1318 2287 Anomalia
1338 2242 1469 2283 media
1488 2242 1619 2283 Lunae
1637 2274 1648 2291 ‚
1687 2247 1749 2287 vel
1767 2248 1955 2290 addendo

449 2300 670 2342 distantiam
696 2301 827 2342 Lunae
844 2315 867 2342 a
896 2301 987 2343 Sole
1006 2301 1057 2343 ad
1084 2299 1306 2341 distantiam
1336 2297 1507 2350 Apogaei
1537 2296 1665 2339 Lunae
1693 2300 1742 2341 ab
1767 2303 1954 2355 Apogaeo

1855 2357 1958 2401 Solis
