2079 3033
412 148 763 192 PRINCIPIA
792 147 1347 192 MATHEMATICA.
1588 151 1663 203 387

112 235 267 278 ratione
285 231 604 275 differentiarum
624 260 637 278 ,
671 231 741 272 fiet
768 231 993 272 milliarium
1026 240 1117 279 31‡}·
1174 233 1277 274 Nam
1297 231 1459 273 tarditas
1480 231 1650 274 Penduli
1666 236 1692 264 t,
1709 245 1721 264 1
1737 243 1752 262 Β
1769 241 1787 261 ⁸
1804 242 1823 261 ι

110 291 179 332 sub
198 288 425 342 AEquatore
442 285 643 327 defectum
665 285 865 338 gravitatis
884 286 1014 338 arguit
1035 303 1047 331 ς
1088 288 1129 326 δε
1157 300 1241 341 quo
1259 287 1385 327 levior
1405 286 1461 326 est
1487 288 1651 328 materia
1668 274 1877 305 Teano-r

111 357 163 384 eo
187 343 310 396 major
331 341 408 382 effe
430 340 550 381 debet
569 338 740 380 altitudo
758 339 840 393 ejus
858 368 871 388 ‚
900 349 943 380 ut
965 340 1147 394 pondere
1166 342 1235 382 suo
1256 341 1461 384 materiam
1481 341 1549 382 sub
1572 341 1652 383 Po-
1688 371 1691 375 ,

82 406 85 409 ’
109 399 155 439 lis
174 398 215 437 in
237 395 458 450 aequilibrio
477 394 671 435 sustineat.
842 414 844 417 v

163 451 276 491 Hinc
294 450 420 503 figura
438 448 589 489 umbrae
605 446 748 488 Terrae
771 460 842 500 per
860 446 1033 502 Eclipses
1051 448 1181 490 Lunae
1202 449 1510 490 determinanda
1527 480 1538 497 ,
1568 464 1651 492 non

109 506 185 548 erit
203 505 370 545 omnino
398 502 599 551 circularis
619 530 630 548 ‚
666 501 735 542 sed
760 502 957 543 diameter
977 504 1060 555 ejus
1084 504 1132 544 ab
1154 504 1312 551 oriente
1330 504 1371 545 in
1392 505 1648 546 occidentem

110 558 228 601 du‘f’ta
254 556 378 608 major
406 556 482 595 erit
511 567 631 609 quam
668 555 867 595 diameter
892 556 975 608 ejus
1003 556 1050 597 ab
1077 558 1207 598 austro
1238 556 1281 598 in
1313 557 1479 598 boream
1508 559 1646 604 dubia,

108 610 266 655 excessu
295 609 366 660 55“
390 608 589 669 cir-citent
625 607 680 648 Et
715 608 917 667 parallaxis
953 612 1126 652 maxima
1169 612 1299 652 Lunae
1328 613 1368 652 in
1400 611 1645 666 Longitudi-

107 679 199 708 nem
227 665 344 718 paulo
378 674 504 711 maloi·
535 671 610 702 emt
644 673 765 714 quam
801 673 884 710 elus
918 664 1120 714 parallaxis
1155 667 1327 706 maxima
1357 666 1398 706 in
1441 665 1644 708 Latitudi-

105 732 209 762 nem.
264 719 329 758 Ac
365 715 509 756 Terrae
536 715 830 756 semidiameter
865 715 1038 755 maxima
1075 718 1149 756 erit
1187 719 1338 770 pedum
1374 719 1646 762 Parifienfium

87 774 339 832 ‘'197676303
366 770 531 811 minima
557 768 709 823 pedum
730 767 937 821 19609820
957 771 999 809 δε
1020 770 1236 811 mediocris
1266 770 1418 824 pedum
1441 775 1644 825 19688725

104 838 422 883 quamproxime.
532 841 534 845 >
636 874 639 877 μ
1334 849 1337 852 «

159 881 268 923 Cum
295 879 438 934 gradus
465 890 566 919 unus
600 878 852 919 mensurante
889 877 1058 918 Picarto
1084 876 1129 920 fit
1156 877 1455 932 hexapedarum'
1485 883 1618 932 57060
1636 912 1648 929 ,

104 936 357 978 mensurante
392 945 489 974 vero
525 932 668 985 Caffino
695 931 740 973 fit
775 931 1074 987 hexapedarum
1103 945 1262 984 57292:
1311 933 1554 986 suspicantur
1580 936 1645 976 ali-

103 991 174 1046 qui
200 989 369 1043 gradum
396 999 725 1041 unumquemque
742 1014 754 1032 ‚
790 986 1000 1040 pergendo
1025 998 1096 1039 per
1122 986 1281 1027 Gallias
1306 988 1478 1029 austrum
1513 989 1646 1030 versus

101 1045 295 1096 majorem
328 1040 408 1082 effe
444 1041 570 1093 gradu
607 1039 865 1094 praecedente.
899 1039 1117 1092 hexapedis
1153 1041 1242 1093 plus
1280 1042 1408 1082 minus
1446 1056 1526 1091 72,
1574 1042 1643 1085 seu

98 1109 214 1152 parte
232 1093 557 1148 ostingentefima
584 1094 729 1148 gradus
748 1094 863 1135 unius
883 1111 894 1140 ;
935 1094 1129 1136 existente
1145 1095 1277 1136 Terra
1302 1095 1545 1148 Sphaeroider
1567 1097 1641 1137 ob-

101 1153 221 1206 longa
247 1147 356 1202 cujus
382 1158 512 1202 partes
536 1147 587 1188 ad
617 1149 732 1202 polos
760 1147 850 1190 sunt
876 1147 1082 1189 altiffimae.
1139 1148 1238 1204 Quo
1264 1151 1393 1201 polito
1411 1179 1422 1198 ‚
1467 1162 1641 1204 corpora

101 1206 237 1252 omnia
263 1206 314 1245 ad
341 1202 464 1244 Polos
495 1201 640 1244 Terrae
675 1201 823 1243 leviora
850 1201 986 1244 forent
1026 1210 1147 1257 quam
1175 1203 1224 1244 ad
1250 1203 1519 1258 AEquatorer'n
1537 1234 1549 1252 ,
1596 1205 1639 1246 δε

102 1259 273 1309 altitudo
299 1258 445 1298 Terrae
478 1255 528 1297 ad
554 1257 668 1311 polos
694 1256 896 1310 superaret
926 1257 1178 1298 altitudinem
1204 1257 1283 1311 ejus
1310 1258 1361 1299 ad
1390 1263 1640 1313 aequator'em

99 1312 329 1355 milliaribus
354 1310 440 1351 fere
468 1323 517 1362 95
535 1339 548 1358 ‚
588 1310 630 1350 δε
655 1310 829 1364 pendula
863 1310 1072 1351 isochrona
1098 1312 1279 1363 longiora
1313 1311 1450 1355 forent
1478 1313 1528 1353 ad
1565 1312 1639 1353 AE-

99 1377 314 1423 quatorem
346 1377 466 1419 quam
499 1365 541 1406 in
570 1364 858 1405 Observatorio
886 1364 1023 1417 Regio
1049 1363 1266 1418 ‘Part‘stenst
1288 1365 1447 1407 exceffu
1474 1366 1637 1408 semiffis'

98 1423 216 1477 digiti
240 1420 400 1462 circiter
420 1438 431 1467 ς
467 1428 512 1458 ut
536 1417 763 1459 conferenti
797 1419 1078 1471 proportiones
1107 1418 1171 1459 hic
1190 1418 1332 1473 positas
1352 1432 1446 1461 cum
1466 1432 1637 1473 propor-

97 1476 272 1533 tionibus
310 1475 350 1515 in
388 1471 543 1513 Tabula
579 1471 836 1525 praecedente
872 1471 1006 1525 positis
1027 1501 1039 1519 ,
1073 1471 1189 1514 facile
1226 1472 1430 1514 constabit.
1486 1472 1566 1514 Sed
1593 1474 1637 1514 ὅτ

98 1530 294 1573 diameter
321 1526 474 1568 umbrae
503 1525 647 1566 Terrae
674 1538 765 1579 quae
791 1525 839 1566 ab
868 1525 997 1566 austro
1022 1526 1064 1566 in
1091 1526 1254 1567 boream
1285 1526 1446 1567 ducitur
1463 1557 1475 1574 ‚
1508 1527 1636 1579 major

94 1587 203 1628 foret
230 1595 351 1638 quam
376 1580 572 1620 diameter
600 1578 682 1631 ejus
708 1591 799 1631 quae
828 1578 874 1619 ab
903 1580 1057 1620 oriente
1087 1580 1128 1619 in
1158 1580 1413 1621 occidentem
1444 1581 1606 1622 ducitur
1624 1610 1636 1628 ,

97 1638 255 1681 excessu
285 1635 331 1675 2‘.
361 1633 452 1685 46⁰,
480 1633 546 1672 seu
575 1642 684 1684 parte
705 1633 945 1672 duodecima
966 1632 1149 1672 diametri
1168 1634 1311 1674 Lunae.
1371 1635 1528 1688 Quibus
1549 1646 1637 1675 om-

95 1686 491 1743 nibusExperientia
518 1684 793 1726 contrariatur.
851 1684 976 1725 Certe
995 1684 1186 1737 Caffi'nus,
1215 1687 1447 1728 definiendo
1467 1689 1636 1741 gradum

97 1759 223 1789 unum
251 1743 328 1785 efl‘e
355 1739 654 1793 hexapedarum
693 1752 846 1789 57292,
873 1738 1053 1779 medium
1081 1739 1185 1780 inter
1211 1741 1409 1782 mensuras
1438 1741 1520 1782 suas
1550 1755 1639 1783 om-

97 1813 200 1847 nes,
237 1812 290 1839 ex
322 1793 532 1849 hypothesi
567 1793 620 1833 de
649 1793 872 1845 aequalitate
908 1793 1105 1845 graduum
1141 1793 1350 1846 affumpsit.
1407 1795 1461 1836 Et
1499 1809 1639 1850 quam-

100 1856 160 1895 vis
190 1853 385 1904 Picartus
411 1848 453 1887 in
477 1846 623 1886 Galliae
649 1846 776 1885 limite
807 1845 955 1899 boreali
983 1847 1135 1887 invenit
1164 1848 1332 1900 gradum
1359 1850 1476 1905 paulo
1503 1850 1635 1890 mino-

100 1919 190 1949 rem
215 1904 292 1946 efle
309 1933 319 1948 ,
359 1912 495 1942 tamen
530 1898 774 1959 Norwoocffits
812 1899 943 1939 noster
962 1900 1002 1940 in
1032 1900 1283 1953 Regionibus
1311 1904 1433 1956 magis
1459 1902 1636 1943 *boreali-

102 1961 175 2002 bus
192 1988 204 2006 ‚
242 1953 507 2005 mensurando
533 1965 655 2005 majus
681 1953 930 1993 intervallum
952 1982 964 1999 ,
999 1954 1151 1994 invenit
1177 1955 1345 2008 gradum
1364 1956 1482 2010 paulo
1511 1955 1635 2008 majo-

102 2028 190 2057 rem
210 2011 289 2053 effe
307 2021 426 2063 quam
447 2007 616 2058 Caffinus
632 2006 853 2046 invenerat.
881 2004 932 2046 Et
945 2007 1202 2061 Caffinusipse
1214 2009 1435 2051 mensuram
1447 2010 1637 2057 Picarti,

105 2069 159 2110 ob
177 2064 415 2121 parvitatem
431 2060 624 2101 intervalli
643 2059 855 2100 mensurati
873 2089 884 2106 ,
924 2073 1006 2101 non
1022 2062 1110 2102 satis
1134 2073 1285 2103 certam
1305 2062 1345 2102 &
1365 2064 1539 2104 exaAEiam
1557 2063 1635 2104 esse

104 2119 296 2176 judicavit
321 2116 389 2157 ubi
415 2114 638 2173 mensuram
673 2113 818 2166 gradus
846 2113 960 2155 unius
989 2127 1060 2168 per
1085 2115 1336 2157 intervallum
1366 2118 1486 2170 longe
1512 2117 1635 2170 majus

107 2175 276 2218 definire
300 2166 497 2224 aggressus
523 2167 589 2208 est.
646 2166 896 2228 Differentiae
917 2181 1013 2209 vero
1030 2169 1135 2211 inter
1152 2170 1350 2212 mensuras
1368 2172 1530 2224 Caffinz',
1559 2172 1637 2212 ‘ffi-

108 2230 213 2275 carti
230 2257 242 2275 ‚
270 2226 311 2266 &
336 2222 548 2264 Norwoodi
564 2222 652 2262 sunt
680 2233 807 2273 prope
827 2221 1093 2271 insenfibiles4
1133 2224 1175 2264 &
1193 2224 1240 2264 ab
1258 2225 1541 2267 insensibilibus
1564 2225 1636 2265 ob-

55 2299 60 2304 ’
106 2283 373 2337 servationum
391 2275 590 2318 erroribus
608 2273 723 2317 facile
742 2275 838 2317 oriri
854 2285 1047 2329 potuere,
1074 2287 1118 2319 ut
1146 2278 1409 2321 Nutationem
1430 2280 1511 2321 axis
1529 2279 1638 2319 Ter-

105 2351 161 2388 rae
177 2343 423 2393 praeteream.

807 2380 912 2423 Ccc
943 2396 967 2421 2
1452 2385 1484 2425 P
1511 2384 1553 2425 R
1582 2384 1639 2426 O·
