<?xml version="1.0" encoding="UTF-8"?>
<!DOCTYPE html PUBLIC "-//W3C//DTD XHTML 1.0 Transitional//EN"
    "http://www.w3.org/TR/xhtml1/DTD/xhtml1-transitional.dtd">
<html xmlns="http://www.w3.org/1999/xhtml" xml:lang="en" lang="en">
 <head>
  <title>
</title>
<meta http-equiv="Content-Type" content="text/html;charset=utf-8" />
  <meta name='ocr-system' content='tesseract 3.04.00' />
  <meta name='ocr-capabilities' content='ocr_page ocr_carea ocr_par ocr_line ocrx_word'/>
</head>
<body>
  <div class='ocr_page' id='page_1' title='image "./philosophiaenatu00newt_0141.png"; bbox 0 0 2079 3033; ppageno 0'>
   <div class='ocr_carea' id='block_1_1' title="bbox 396 113 1661 176">
    <p class='ocr_par' dir='ltr' id='par_1_1' title="bbox 396 113 1661 176">
     <span class='ocr_line' id='line_1_1' title="bbox 396 113 1661 176; baseline 0.003 -16"><span class='ocrx_word' id='word_1_1' title='bbox 396 113 750 160; x_wconf 80' lang='lat' dir='ltr'>PRINCIPIA</span> <span class='ocrx_word' id='word_1_2' title='bbox 793 114 1351 165; x_wconf 63' lang='lat' dir='ltr'><strong>MATHEMATIGA.</strong></span> <span class='ocrx_word' id='word_1_3' title='bbox 1610 121 1661 176; x_wconf 75' lang='lat'><strong>99</strong></span> 
     </span>
    </p>
   </div>
   <div class='ocr_carea' id='block_1_2' title="bbox 61 201 1841 2048">
    <p class='ocr_par' dir='ltr' id='par_1_2' title="bbox 61 201 1841 2048">
     <span class='ocr_line' id='line_1_2' title="bbox 68 201 1810 252; baseline -0.001 0"><span class='ocrx_word' id='word_1_4' title='bbox 68 225 70 227; x_wconf 66' lang='grc'><strong><em>’</em></strong></span> <span class='ocrx_word' id='word_1_5' title='bbox 114 208 237 252; x_wconf 86' lang='lat' dir='ltr'>Unde</span> <span class='ocrx_word' id='word_1_6' title='bbox 275 205 394 248; x_wconf 86' lang='lat' dir='ltr'><strong>etiam</strong></span> <span class='ocrx_word' id='word_1_7' title='bbox 431 201 733 245; x_wconf 83' lang='lat' dir='ltr'><strong>interfectiones</strong></span> <span class='ocrx_word' id='word_1_8' title='bbox 779 201 1019 245; x_wconf 89' lang='lat' dir='ltr'><strong>Sectionum</strong></span> <span class='ocrx_word' id='word_1_9' title='bbox 1064 207 1314 249; x_wconf 70' lang='lat' dir='ltr'><strong>(Ionicarum</strong></span> <span class='ocrx_word' id='word_1_10' title='bbox 1352 208 1394 248; x_wconf 82' lang='lat'>&amp;</span> <span class='ocrx_word' id='word_1_11' title='bbox 1432 207 1810 252; x_wconf 65' lang='lat' dir='ltr'><strong>Curvarummn</strong></span> 
     </span>
     <span class='ocr_line' id='line_1_3' title="bbox 112 255 1841 319; baseline -0.003 -13"><span class='ocrx_word' id='word_1_12' title='bbox 112 264 245 307; x_wconf 85' lang='lat' dir='ltr'><strong>tertiae</strong></span> <span class='ocrx_word' id='word_1_13' title='bbox 280 259 482 316; x_wconf 85' lang='lat' dir='ltr'><strong>potestatis</strong></span> <span class='ocrx_word' id='word_1_14' title='bbox 500 287 511 305; x_wconf 93' lang='lat'>,</span> <span class='ocrx_word' id='word_1_15' title='bbox 549 269 601 296; x_wconf 83' lang='lat' dir='ltr'><strong>eo</strong></span> <span class='ocrx_word' id='word_1_16' title='bbox 628 256 743 309; x_wconf 90' lang='lat' dir='ltr'><strong>quod</strong></span> <span class='ocrx_word' id='word_1_17' title='bbox 777 257 847 298; x_wconf 87' lang='lat' dir='ltr'><strong>sex</strong></span> <span class='ocrx_word' id='word_1_18' title='bbox 883 258 962 300; x_wconf 76' lang='lat' dir='ltr'><strong>esse</strong></span> <span class='ocrx_word' id='word_1_19' title='bbox 999 260 1158 313; x_wconf 72' lang='lat' dir='ltr'><strong>possunt</strong></span> <span class='ocrx_word' id='word_1_20' title='bbox 1177 292 1188 309; x_wconf 91' lang='lat'><strong>,</strong></span> <span class='ocrx_word' id='word_1_21' title='bbox 1218 262 1330 304; x_wconf 76' lang='lat' dir='ltr'><strong>simul</strong></span> <span class='ocrx_word' id='word_1_22' title='bbox 1357 263 1559 315; x_wconf 85' lang='lat' dir='ltr'><strong>prodeunt</strong></span> <span class='ocrx_word' id='word_1_23' title='bbox 1588 255 1841 319; x_wconf 61' lang='lat' dir='ltr'><strong>perPMMu‘·</strong></span> 
     </span>
     <span class='ocr_line' id='line_1_4' title="bbox 115 310 1660 373; baseline -0.001 -12"><span class='ocrx_word' id='word_1_24' title='bbox 115 318 361 373; x_wconf 84' lang='lat' dir='ltr'><strong>aequationes</strong></span> <span class='ocrx_word' id='word_1_25' title='bbox 398 314 464 355; x_wconf 87' lang='lat' dir='ltr'><strong>sex</strong></span> <span class='ocrx_word' id='word_1_26' title='bbox 501 310 829 372; x_wconf 82' lang='lat' dir='ltr'><strong>dimenfionum,</strong></span> <span class='ocrx_word' id='word_1_27' title='bbox 873 313 915 353; x_wconf 84' lang='lat'>&amp;</span> <span class='ocrx_word' id='word_1_28' title='bbox 952 315 1255 358; x_wconf 81' lang='lat' dir='ltr'><strong>interfectiones</strong></span> <span class='ocrx_word' id='word_1_29' title='bbox 1295 317 1464 359; x_wconf 86' lang='lat' dir='ltr'><strong>duarum</strong></span> <span class='ocrx_word' id='word_1_30' title='bbox 1503 318 1660 361; x_wconf 87' lang='lat' dir='ltr'><strong>Curva-</strong></span> 
     </span>
     <span class='ocr_line' id='line_1_5' title="bbox 110 365 1660 427; baseline 0 -11"><span class='ocrx_word' id='word_1_31' title='bbox 110 387 201 416; x_wconf 88' lang='lat' dir='ltr'><strong>rum</strong></span> <span class='ocrx_word' id='word_1_32' title='bbox 238 371 367 413; x_wconf 80' lang='lat' dir='ltr'><strong>tertiae</strong></span> <span class='ocrx_word' id='word_1_33' title='bbox 396 365 624 422; x_wconf 83' lang='lat' dir='ltr'><strong>potestatis,</strong></span> <span class='ocrx_word' id='word_1_34' title='bbox 655 366 747 419; x_wconf 86' lang='lat' dir='ltr'><strong>quia</strong></span> <span class='ocrx_word' id='word_1_35' title='bbox 777 380 924 408; x_wconf 90' lang='lat' dir='ltr'><strong>novem</strong></span> <span class='ocrx_word' id='word_1_36' title='bbox 962 367 1039 409; x_wconf 74' lang='lat' dir='ltr'><strong>ess&#39;e</strong></span> <span class='ocrx_word' id='word_1_37' title='bbox 1069 370 1226 423; x_wconf 83' lang='lat' dir='ltr'><strong>poffunt</strong></span> <span class='ocrx_word' id='word_1_38' title='bbox 1255 402 1266 419; x_wconf 93' lang='lat'>,</span> <span class='ocrx_word' id='word_1_39' title='bbox 1313 371 1425 413; x_wconf 82' lang='lat' dir='ltr'><strong>simul</strong></span> <span class='ocrx_word' id='word_1_40' title='bbox 1453 373 1660 427; x_wconf 88' lang='lat' dir='ltr'><strong>prodeunt</strong></span> 
     </span>
     <span class='ocr_line' id='line_1_6' title="bbox 112 419 1661 484; baseline 0.001 -16"><span class='ocrx_word' id='word_1_41' title='bbox 112 442 185 484; x_wconf 87' lang='lat' dir='ltr'><strong>per</strong></span> <span class='ocrx_word' id='word_1_42' title='bbox 224 424 468 480; x_wconf 86' lang='lat' dir='ltr'><strong>aequationes</strong></span> <span class='ocrx_word' id='word_1_43' title='bbox 509 419 804 462; x_wconf 77' lang='lat' dir='ltr'><strong>dimenfionum</strong></span> <span class='ocrx_word' id='word_1_44' title='bbox 843 435 1004 463; x_wconf 88' lang='lat' dir='ltr'><strong>novem.</strong></span> <span class='ocrx_word' id='word_1_45' title='bbox 1063 424 1105 464; x_wconf 94' lang='lat' dir='ltr'><strong>ld</strong></span> <span class='ocrx_word' id='word_1_46' title='bbox 1142 425 1212 466; x_wconf 84' lang='lat' dir='ltr'><strong>nifi</strong></span> <span class='ocrx_word' id='word_1_47' title='bbox 1250 426 1472 468; x_wconf 69' lang='lat' dir='ltr'><strong>necess‘ario</strong></span> <span class='ocrx_word' id='word_1_48' title='bbox 1509 428 1661 478; x_wconf 89' lang='lat' dir='ltr'><strong>fieret,</strong></span> 
     </span>
     <span class='ocr_line' id='line_1_7' title="bbox 112 475 1660 538; baseline 0.001 -14"><span class='ocrx_word' id='word_1_49' title='bbox 112 484 307 524; x_wconf 77' lang='lat' dir='ltr'><strong>reducere</strong></span> <span class='ocrx_word' id='word_1_50' title='bbox 335 479 475 518; x_wconf 85' lang='lat' dir='ltr'><strong>liceret</strong></span> <span class='ocrx_word' id='word_1_51' title='bbox 507 475 763 517; x_wconf 81' lang='lat' dir='ltr'><strong>Problemata</strong></span> <span class='ocrx_word' id='word_1_52' title='bbox 791 477 927 517; x_wconf 90' lang='lat' dir='ltr'><strong>omnia</strong></span> <span class='ocrx_word' id='word_1_53' title='bbox 954 477 1092 519; x_wconf 86' lang='lat' dir='ltr'><strong>Solida</strong></span> <span class='ocrx_word' id='word_1_54' title='bbox 1119 480 1169 520; x_wconf 87' lang='lat' dir='ltr'><strong>ad</strong></span> <span class='ocrx_word' id='word_1_55' title='bbox 1202 480 1317 521; x_wconf 85' lang='lat' dir='ltr'><strong>Plana</strong></span> <span class='ocrx_word' id='word_1_56' title='bbox 1340 510 1350 529; x_wconf 93' lang='lat'>,</span> <span class='ocrx_word' id='word_1_57' title='bbox 1381 482 1419 521; x_wconf 62' lang='grc' dir='ltr'>ἃ</span> <span class='ocrx_word' id='word_1_58' title='bbox 1453 483 1660 538; x_wconf 81' lang='lat' dir='ltr'>plusquam</span> 
     </span>
     <span class='ocr_line' id='line_1_8' title="bbox 111 529 1661 589; baseline 0 -10"><span class='ocrx_word' id='word_1_59' title='bbox 111 538 249 579; x_wconf 81' lang='lat' dir='ltr'><strong>Solida</strong></span> <span class='ocrx_word' id='word_1_60' title='bbox 275 532 325 573; x_wconf 91' lang='lat' dir='ltr'><strong>ad</strong></span> <span class='ocrx_word' id='word_1_61' title='bbox 364 531 511 572; x_wconf 84' lang='lat' dir='ltr'><strong>Solida.</strong></span> <span class='ocrx_word' id='word_1_62' title='bbox 572 529 744 585; x_wconf 83' lang='lat' dir='ltr'><strong>Loquor</strong></span> <span class='ocrx_word' id='word_1_63' title='bbox 781 531 847 572; x_wconf 90' lang='lat' dir='ltr'><strong>hic</strong></span> <span class='ocrx_word' id='word_1_64' title='bbox 886 532 938 572; x_wconf 93' lang='lat' dir='ltr'><strong>de</strong></span> <span class='ocrx_word' id='word_1_65' title='bbox 976 533 1121 574; x_wconf 75' lang='lat' dir='ltr'><strong>Cui-vis</strong></span> <span class='ocrx_word' id='word_1_66' title='bbox 1159 535 1355 589; x_wconf 73' lang='lat' dir='ltr'><strong>potestate</strong></span> <span class='ocrx_word' id='word_1_67' title='bbox 1394 536 1661 579; x_wconf 90' lang='lat' dir='ltr'><strong>irreducibili-</strong></span> 
     </span>
     <span class='ocr_line' id='line_1_9' title="bbox 111 585 1660 645; baseline -0.001 -10"><span class='ocrx_word' id='word_1_68' title='bbox 111 594 193 635; x_wconf 85' lang='lat' dir='ltr'><strong>bus.</strong></span> <span class='ocrx_word' id='word_1_69' title='bbox 250 588 355 629; x_wconf 87' lang='lat' dir='ltr'><strong>Nam</strong></span> <span class='ocrx_word' id='word_1_70' title='bbox 384 586 410 627; x_wconf 87' lang='lat' dir='ltr'>fi</span> <span class='ocrx_word' id='word_1_71' title='bbox 446 585 722 645; x_wconf 21' lang='lat' dir='ltr'><strong>aequatiosper</strong></span> <span class='ocrx_word' id='word_1_72' title='bbox 760 599 882 639; x_wconf 90' lang='lat' dir='ltr'><strong>quam</strong></span> <span class='ocrx_word' id='word_1_73' title='bbox 911 586 1047 627; x_wconf 89' lang='lat' dir='ltr'><strong>Curva</strong></span> <span class='ocrx_word' id='word_1_74' title='bbox 1076 588 1267 630; x_wconf 86' lang='lat' dir='ltr'><strong>definitur</strong></span> <span class='ocrx_word' id='word_1_75' title='bbox 1286 620 1297 638; x_wconf 91' lang='lat'>‚</span> <span class='ocrx_word' id='word_1_76' title='bbox 1336 591 1384 632; x_wconf 87' lang='lat' dir='ltr'><strong>ad</strong></span> <span class='ocrx_word' id='word_1_77' title='bbox 1424 592 1660 635; x_wconf 87' lang='lat' dir='ltr'><strong>inferiorem</strong></span> 
     </span>
     <span class='ocr_line' id='line_1_10' title="bbox 110 638 1661 702; baseline 0.001 -14"><span class='ocrx_word' id='word_1_78' title='bbox 110 644 347 702; x_wconf 85' lang='lat' dir='ltr'><strong>potestatem</strong></span> <span class='ocrx_word' id='word_1_79' title='bbox 377 641 517 681; x_wconf 86' lang='lat' dir='ltr'><strong>reduci</strong></span> <span class='ocrx_word' id='word_1_80' title='bbox 557 638 677 693; x_wconf 78' lang='lat' dir='ltr'><strong>posht</strong></span> <span class='ocrx_word' id='word_1_81' title='bbox 696 669 707 686; x_wconf 95' lang='lat'>‚</span> <span class='ocrx_word' id='word_1_82' title='bbox 752 641 889 681; x_wconf 86' lang='lat' dir='ltr'><strong>Curva</strong></span> <span class='ocrx_word' id='word_1_83' title='bbox 915 655 998 682; x_wconf 88' lang='lat' dir='ltr'><strong>non</strong></span> <span class='ocrx_word' id='word_1_84' title='bbox 1027 642 1103 682; x_wconf 87' lang='lat' dir='ltr'><strong>erit</strong></span> <span class='ocrx_word' id='word_1_85' title='bbox 1134 643 1251 683; x_wconf 85' lang='lat' dir='ltr'><strong>unica</strong></span> <span class='ocrx_word' id='word_1_86' title='bbox 1281 674 1293 691; x_wconf 85' lang='lat'>‚</span> <span class='ocrx_word' id='word_1_87' title='bbox 1330 646 1397 686; x_wconf 84' lang='lat' dir='ltr'><strong>sed</strong></span> <span class='ocrx_word' id='word_1_88' title='bbox 1429 660 1480 687; x_wconf 86' lang='lat' dir='ltr'><strong>ex</strong></span> <span class='ocrx_word' id='word_1_89' title='bbox 1508 646 1661 690; x_wconf 86' lang='lat' dir='ltr'><strong>duabus</strong></span> 
     </span>
     <span class='ocr_line' id='line_1_11' title="bbox 112 695 1661 753; baseline 0.001 -12"><span class='ocrx_word' id='word_1_90' title='bbox 112 702 174 742; x_wconf 80' lang='lat' dir='ltr'><strong>vel</strong></span> <span class='ocrx_word' id='word_1_91' title='bbox 202 697 379 753; x_wconf 83' lang='lat' dir='ltr'><strong>pluribus</strong></span> <span class='ocrx_word' id='word_1_92' title='bbox 409 695 630 749; x_wconf 75' lang='lat' dir='ltr'><strong>compotita</strong></span> <span class='ocrx_word' id='word_1_93' title='bbox 651 723 662 742; x_wconf 86' lang='lat'>‚</span> <span class='ocrx_word' id='word_1_94' title='bbox 689 707 860 747; x_wconf 88' lang='lat' dir='ltr'><strong>quarum</strong></span> <span class='ocrx_word' id='word_1_95' title='bbox 887 695 1190 738; x_wconf 78' lang='lat' dir='ltr'><strong>interfectiones</strong></span> <span class='ocrx_word' id='word_1_96' title='bbox 1221 710 1291 750; x_wconf 88' lang='lat' dir='ltr'><strong>per</strong></span> <span class='ocrx_word' id='word_1_97' title='bbox 1322 700 1495 741; x_wconf 84' lang='lat' dir='ltr'><strong>calculos</strong></span> <span class='ocrx_word' id='word_1_98' title='bbox 1525 702 1661 743; x_wconf 87' lang='lat' dir='ltr'><strong>diver-</strong></span> 
     </span>
     <span class='ocr_line' id='line_1_12' title="bbox 111 749 1662 802; baseline 0.001 -5"><span class='ocrx_word' id='word_1_99' title='bbox 111 756 172 797; x_wconf 84' lang='lat' dir='ltr'><strong>sos</strong></span> <span class='ocrx_word' id='word_1_100' title='bbox 213 751 371 794; x_wconf 80' lang='lat' dir='ltr'><strong>seorsim</strong></span> <span class='ocrx_word' id='word_1_101' title='bbox 409 750 579 791; x_wconf 81' lang='lat' dir='ltr'><strong>inveniri</strong></span> <span class='ocrx_word' id='word_1_102' title='bbox 616 749 787 802; x_wconf 75' lang='lat' dir='ltr'><strong>poss&#39;unt.</strong></span> <span class='ocrx_word' id='word_1_103' title='bbox 845 751 913 791; x_wconf 91' lang='lat' dir='ltr'><strong>Ad</strong></span> <span class='ocrx_word' id='word_1_104' title='bbox 952 751 1130 791; x_wconf 90' lang='lat' dir='ltr'><strong>eundem</strong></span> <span class='ocrx_word' id='word_1_105' title='bbox 1160 752 1329 793; x_wconf 88' lang='lat' dir='ltr'><strong>modum</strong></span> <span class='ocrx_word' id='word_1_106' title='bbox 1360 754 1662 798; x_wconf 85' lang='lat' dir='ltr'><strong>interfectiones</strong></span> 
     </span>
     <span class='ocr_line' id='line_1_13' title="bbox 111 804 1659 863; baseline -0.001 -11"><span class='ocrx_word' id='word_1_107' title='bbox 111 810 215 852; x_wconf 87' lang='lat' dir='ltr'><strong>binae</strong></span> <span class='ocrx_word' id='word_1_108' title='bbox 244 817 447 848; x_wconf 88' lang='lat' dir='ltr'><strong>rectarum</strong></span> <span class='ocrx_word' id='word_1_109' title='bbox 477 804 519 844; x_wconf 85' lang='lat'>&amp;</span> <span class='ocrx_word' id='word_1_110' title='bbox 546 805 772 844; x_wconf 80' lang='lat' dir='ltr'><strong>sectionum</strong></span> <span class='ocrx_word' id='word_1_111' title='bbox 801 804 1051 846; x_wconf 85' lang='lat' dir='ltr'><strong>Conicarum</strong></span> <span class='ocrx_word' id='word_1_112' title='bbox 1080 806 1285 860; x_wconf 86' lang='lat' dir='ltr'><strong>prodeunt</strong></span> <span class='ocrx_word' id='word_1_113' title='bbox 1321 807 1477 861; x_wconf 82' lang='lat' dir='ltr'><strong>semper</strong></span> <span class='ocrx_word' id='word_1_114' title='bbox 1506 822 1577 863; x_wconf 90' lang='lat' dir='ltr'><strong>per</strong></span> <span class='ocrx_word' id='word_1_115' title='bbox 1606 824 1659 851; x_wconf 83' lang='lat' dir='ltr'><strong>ae-</strong></span> 
     </span>
     <span class='ocr_line' id='line_1_14' title="bbox 110 858 1665 920; baseline 0.001 -15"><span class='ocrx_word' id='word_1_116' title='bbox 110 864 323 920; x_wconf 88' lang='lat' dir='ltr'><strong>quationes</strong></span> <span class='ocrx_word' id='word_1_117' title='bbox 353 861 524 901; x_wconf 87' lang='lat' dir='ltr'><strong>duarum</strong></span> <span class='ocrx_word' id='word_1_118' title='bbox 554 858 849 901; x_wconf 79' lang='lat' dir='ltr'><strong>dimensionum</strong></span> <span class='ocrx_word' id='word_1_119' title='bbox 873 878 882 907; x_wconf 90' lang='grc'>;</span> <span class='ocrx_word' id='word_1_120' title='bbox 915 870 1042 901; x_wconf 84' lang='lat' dir='ltr'><strong>ternae</strong></span> <span class='ocrx_word' id='word_1_121' title='bbox 1064 873 1264 902; x_wconf 78' lang='lat' dir='ltr'><strong>rectarum</strong></span> <span class='ocrx_word' id='word_1_122' title='bbox 1293 862 1333 902; x_wconf 72' lang='grc' dir='ltr'><strong>δε</strong></span> <span class='ocrx_word' id='word_1_123' title='bbox 1364 862 1593 905; x_wconf 72' lang='lat' dir='ltr'><strong>Cur-varum</strong></span> <span class='ocrx_word' id='word_1_124' title='bbox 1611 865 1665 906; x_wconf 87' lang='lat' dir='ltr'><strong>ir-</strong></span> 
     </span>
     <span class='ocr_line' id='line_1_15' title="bbox 102 913 1661 972; baseline 0 -12"><span class='ocrx_word' id='word_1_125' title='bbox 102 916 395 960; x_wconf 76' lang='lat' dir='ltr'><strong>reducibiliutn</strong></span> <span class='ocrx_word' id='word_1_126' title='bbox 433 914 562 955; x_wconf 84' lang='lat' dir='ltr'><strong>tertiae</strong></span> <span class='ocrx_word' id='word_1_127' title='bbox 611 913 814 967; x_wconf 85' lang='lat' dir='ltr'><strong>potestatis</strong></span> <span class='ocrx_word' id='word_1_128' title='bbox 853 928 925 969; x_wconf 87' lang='lat' dir='ltr'><strong>per</strong></span> <span class='ocrx_word' id='word_1_129' title='bbox 965 917 1210 970; x_wconf 78' lang='lat' dir='ltr'><strong>aequationes</strong></span> <span class='ocrx_word' id='word_1_130' title='bbox 1248 917 1401 965; x_wconf 87' lang='lat' dir='ltr'><strong>trium,</strong></span> <span class='ocrx_word' id='word_1_131' title='bbox 1451 928 1661 972; x_wconf 76' lang='lat' dir='ltr'><strong>quaternae</strong></span> 
     </span>
     <span class='ocr_line' id='line_1_16' title="bbox 111 969 1678 1027; baseline -0.001 -12"><span class='ocrx_word' id='word_1_132' title='bbox 111 984 315 1016; x_wconf 87' lang='lat' dir='ltr'><strong>rectarum</strong></span> <span class='ocrx_word' id='word_1_133' title='bbox 343 971 384 1010; x_wconf 70' lang='grc' dir='ltr'><strong>δε</strong></span> <span class='ocrx_word' id='word_1_134' title='bbox 415 969 643 1010; x_wconf 88' lang='lat' dir='ltr'><strong>Curvarum</strong></span> <span class='ocrx_word' id='word_1_135' title='bbox 672 969 992 1011; x_wconf 88' lang='lat' dir='ltr'><strong>irreducibilium</strong></span> <span class='ocrx_word' id='word_1_136' title='bbox 1022 980 1175 1026; x_wconf 88' lang='lat' dir='ltr'><strong>quartae</strong></span> <span class='ocrx_word' id='word_1_137' title='bbox 1204 971 1409 1026; x_wconf 80' lang='lat' dir='ltr'><strong>potestatis</strong></span> <span class='ocrx_word' id='word_1_138' title='bbox 1437 985 1509 1027; x_wconf 90' lang='lat' dir='ltr'><strong>per</strong></span> <span class='ocrx_word' id='word_1_139' title='bbox 1531 971 1678 1027; x_wconf 62' lang='lat' dir='ltr'><strong>aequa-2³</strong></span> 
     </span>
     <span class='ocr_line' id='line_1_17' title="bbox 112 1024 1663 1080; baseline 0 -11"><span class='ocrx_word' id='word_1_140' title='bbox 112 1029 243 1069; x_wconf 87' lang='lat' dir='ltr'><strong>tiones</strong></span> <span class='ocrx_word' id='word_1_141' title='bbox 274 1024 568 1066; x_wconf 78' lang='lat' dir='ltr'><strong>dimensionum</strong></span> <span class='ocrx_word' id='word_1_142' title='bbox 599 1035 800 1078; x_wconf 85' lang='lat' dir='ltr'><strong>quatuor,</strong></span> <span class='ocrx_word' id='word_1_143' title='bbox 841 1026 880 1064; x_wconf 74' lang='grc' dir='ltr'><strong>δε</strong></span> <span class='ocrx_word' id='word_1_144' title='bbox 912 1025 962 1065; x_wconf 90' lang='lat' dir='ltr'><strong>fic</strong></span> <span class='ocrx_word' id='word_1_145' title='bbox 983 1026 1022 1066; x_wconf 89' lang='lat' dir='ltr'><strong>in</strong></span> <span class='ocrx_word' id='word_1_146' title='bbox 1051 1026 1265 1067; x_wconf 86' lang='lat' dir='ltr'><strong>infinitum.</strong></span> <span class='ocrx_word' id='word_1_147' title='bbox 1325 1027 1436 1080; x_wconf 84' lang='lat' dir='ltr'><strong>Ergo</strong></span> <span class='ocrx_word' id='word_1_148' title='bbox 1467 1040 1591 1069; x_wconf 85' lang='lat' dir='ltr'><strong>rectae</strong></span> <span class='ocrx_word' id='word_1_149' title='bbox 1622 1030 1663 1069; x_wconf 64' lang='grc' dir='ltr'><strong>ὃς</strong></span> 
     </span>
     <span class='ocr_line' id='line_1_18' title="bbox 114 1078 1664 1135; baseline 0 -11"><span class='ocrx_word' id='word_1_150' title='bbox 114 1082 272 1135; x_wconf 85' lang='lat' dir='ltr'><strong>Spiralis</strong></span> <span class='ocrx_word' id='word_1_151' title='bbox 309 1078 611 1120; x_wconf 82' lang='lat' dir='ltr'><strong>interfectiones</strong></span> <span class='ocrx_word' id='word_1_152' title='bbox 649 1082 822 1119; x_wconf 88' lang='lat' dir='ltr'><strong>numero</strong></span> <span class='ocrx_word' id='word_1_153' title='bbox 860 1079 1026 1119; x_wconf 81' lang='lat' dir='ltr'><strong>infinitae</strong></span> <span class='ocrx_word' id='word_1_154' title='bbox 1046 1109 1057 1127; x_wconf 95' lang='lat'>‚</span> <span class='ocrx_word' id='word_1_155' title='bbox 1092 1094 1186 1121; x_wconf 76' lang='lat' dir='ltr'><strong>cum</strong></span> <span class='ocrx_word' id='word_1_156' title='bbox 1217 1081 1352 1122; x_wconf 85' lang='lat' dir='ltr'><strong>Curva</strong></span> <span class='ocrx_word' id='word_1_157' title='bbox 1383 1084 1468 1123; x_wconf 80' lang='lat' dir='ltr'><strong>haec</strong></span> <span class='ocrx_word' id='word_1_158' title='bbox 1500 1083 1545 1123; x_wconf 88' lang='lat' dir='ltr'><strong>fit</strong></span> <span class='ocrx_word' id='word_1_159' title='bbox 1576 1084 1664 1124; x_wconf 87' lang='lat' dir='ltr'><strong>fim-</strong></span> 
     </span>
     <span class='ocr_line' id='line_1_19' title="bbox 111 1133 1664 1192; baseline 0.003 -17"><span class='ocrx_word' id='word_1_160' title='bbox 111 1139 207 1192; x_wconf 77' lang='lat' dir='ltr'><strong>plex</strong></span> <span class='ocrx_word' id='word_1_161' title='bbox 237 1137 276 1176; x_wconf 70' lang='grc' dir='ltr'><strong>δι</strong></span> <span class='ocrx_word' id='word_1_162' title='bbox 317 1135 358 1176; x_wconf 88' lang='lat' dir='ltr'><strong>in</strong></span> <span class='ocrx_word' id='word_1_163' title='bbox 395 1133 547 1174; x_wconf 85' lang='lat' dir='ltr'><strong>Curvas</strong></span> <span class='ocrx_word' id='word_1_164' title='bbox 585 1133 717 1185; x_wconf 87' lang='lat' dir='ltr'><strong>plures</strong></span> <span class='ocrx_word' id='word_1_165' title='bbox 756 1133 1042 1182; x_wconf 85' lang='lat' dir='ltr'><strong>irreducibilis‚</strong></span> <span class='ocrx_word' id='word_1_166' title='bbox 1071 1134 1284 1190; x_wconf 84' lang='lat' dir='ltr'><strong>requirunt</strong></span> <span class='ocrx_word' id='word_1_167' title='bbox 1314 1138 1561 1190; x_wconf 83' lang='lat' dir='ltr'><strong>aequationes</strong></span> <span class='ocrx_word' id='word_1_168' title='bbox 1590 1152 1664 1179; x_wconf 91' lang='lat' dir='ltr'><strong>nu-</strong></span> 
     </span>
     <span class='ocr_line' id='line_1_20' title="bbox 114 1187 1665 1244; baseline 0.001 -11"><span class='ocrx_word' id='word_1_169' title='bbox 114 1204 232 1233; x_wconf 89' lang='lat' dir='ltr'><strong>mero</strong></span> <span class='ocrx_word' id='word_1_170' title='bbox 251 1188 545 1231; x_wconf 82' lang='lat' dir='ltr'><strong>dimensionum</strong></span> <span class='ocrx_word' id='word_1_171' title='bbox 565 1187 607 1227; x_wconf 70' lang='grc' dir='ltr'><strong>δεῖ</strong></span> <span class='ocrx_word' id='word_1_172' title='bbox 628 1188 811 1229; x_wconf 88' lang='lat' dir='ltr'><strong>radicum</strong></span> <span class='ocrx_word' id='word_1_173' title='bbox 837 1188 1030 1237; x_wconf 85' lang='lat' dir='ltr'><strong>infinitas,</strong></span> <span class='ocrx_word' id='word_1_174' title='bbox 1043 1190 1187 1244; x_wconf 87' lang='lat' dir='ltr'><strong>quibus</strong></span> <span class='ocrx_word' id='word_1_175' title='bbox 1205 1190 1505 1233; x_wconf 63' lang='lat' dir='ltr'><strong>interfectiones</strong></span> <span class='ocrx_word' id='word_1_176' title='bbox 1525 1206 1665 1235; x_wconf 89' lang='lat' dir='ltr'><strong>omnes</strong></span> 
     </span>
     <span class='ocr_line' id='line_1_21' title="bbox 116 1242 1667 1300; baseline 0.001 -13"><span class='ocrx_word' id='word_1_177' title='bbox 116 1246 275 1300; x_wconf 87' lang='lat' dir='ltr'><strong>poffunt</strong></span> <span class='ocrx_word' id='word_1_178' title='bbox 302 1244 413 1285; x_wconf 88' lang='lat' dir='ltr'><strong>fimul</strong></span> <span class='ocrx_word' id='word_1_179' title='bbox 440 1242 631 1284; x_wconf 83' lang='lat' dir='ltr'><strong>exhiberi.</strong></span> <span class='ocrx_word' id='word_1_180' title='bbox 661 1242 729 1282; x_wconf 79' lang='lat' dir='ltr'><strong>Est</strong></span> <span class='ocrx_word' id='word_1_181' title='bbox 750 1243 859 1283; x_wconf 88' lang='lat' dir='ltr'><strong>enim</strong></span> <span class='ocrx_word' id='word_1_182' title='bbox 888 1244 1032 1298; x_wconf 88' lang='lat' dir='ltr'><strong>eadem</strong></span> <span class='ocrx_word' id='word_1_183' title='bbox 1051 1245 1233 1286; x_wconf 89' lang='lat' dir='ltr'><strong>omnium</strong></span> <span class='ocrx_word' id='word_1_184' title='bbox 1254 1246 1321 1287; x_wconf 81' lang='lat' dir='ltr'><strong>lex</strong></span> <span class='ocrx_word' id='word_1_185' title='bbox 1343 1246 1384 1287; x_wconf 72' lang='grc' dir='ltr'><strong>δε</strong></span> <span class='ocrx_word' id='word_1_186' title='bbox 1404 1246 1514 1289; x_wconf 90' lang='lat' dir='ltr'><strong>idem</strong></span> <span class='ocrx_word' id='word_1_187' title='bbox 1535 1248 1667 1289; x_wconf 90' lang='lat' dir='ltr'><strong>calcu-</strong></span> 
     </span>
     <span class='ocr_line' id='line_1_22' title="bbox 117 1296 1667 1356; baseline 0.001 -14"><span class='ocrx_word' id='word_1_188' title='bbox 117 1302 189 1342; x_wconf 88' lang='lat' dir='ltr'><strong>lus.</strong></span> <span class='ocrx_word' id='word_1_189' title='bbox 235 1300 339 1340; x_wconf 85' lang='lat' dir='ltr'><strong>Nam</strong></span> <span class='ocrx_word' id='word_1_190' title='bbox 360 1297 387 1338; x_wconf 85' lang='lat' dir='ltr'><strong>fi</strong></span> <span class='ocrx_word' id='word_1_191' title='bbox 406 1310 427 1337; x_wconf 89' lang='lat' dir='ltr'><strong>a</strong></span> <span class='ocrx_word' id='word_1_192' title='bbox 447 1298 542 1349; x_wconf 93' lang='lat' dir='ltr'><strong>polo</strong></span> <span class='ocrx_word' id='word_1_193' title='bbox 560 1296 600 1349; x_wconf 85' lang='lat' dir='ltr'><strong>in</strong></span> <span class='ocrx_word' id='word_1_194' title='bbox 623 1306 774 1337; x_wconf 87' lang='lat' dir='ltr'><strong>rectam</strong></span> <span class='ocrx_word' id='word_1_195' title='bbox 794 1297 899 1338; x_wconf 87' lang='lat' dir='ltr'><strong>illam</strong></span> <span class='ocrx_word' id='word_1_196' title='bbox 917 1298 1119 1340; x_wconf 87' lang='lat' dir='ltr'><strong>secantem</strong></span> <span class='ocrx_word' id='word_1_197' title='bbox 1141 1299 1379 1342; x_wconf 83' lang='lat' dir='ltr'><strong>demittatur</strong></span> <span class='ocrx_word' id='word_1_198' title='bbox 1397 1302 1667 1356; x_wconf 87' lang='lat' dir='ltr'><strong>perpendicu-</strong></span> 
     </span>
     <span class='ocr_line' id='line_1_23' title="bbox 120 1351 1667 1412; baseline 0.001 -15"><span class='ocrx_word' id='word_1_199' title='bbox 120 1357 228 1402; x_wconf 85' lang='lat' dir='ltr'><strong>lum,</strong></span> <span class='ocrx_word' id='word_1_200' title='bbox 258 1355 297 1393; x_wconf 83' lang='lat'>&amp;</span> <span class='ocrx_word' id='word_1_201' title='bbox 327 1351 661 1406; x_wconf 86' lang='lat' dir='ltr'><strong>perpendiculum</strong></span> <span class='ocrx_word' id='word_1_202' title='bbox 688 1351 785 1391; x_wconf 88' lang='lat' dir='ltr'><strong>illud</strong></span> <span class='ocrx_word' id='word_1_203' title='bbox 806 1365 884 1392; x_wconf 88' lang='lat' dir='ltr'><strong>una</strong></span> <span class='ocrx_word' id='word_1_204' title='bbox 909 1366 1004 1393; x_wconf 90' lang='lat' dir='ltr'><strong>cum</strong></span> <span class='ocrx_word' id='word_1_205' title='bbox 1031 1354 1186 1395; x_wconf 76' lang='lat' dir='ltr'><strong>secante</strong></span> <span class='ocrx_word' id='word_1_206' title='bbox 1217 1357 1446 1397; x_wconf 78' lang='lat' dir='ltr'><strong>revolvatur</strong></span> <span class='ocrx_word' id='word_1_207' title='bbox 1467 1358 1573 1398; x_wconf 87' lang='lat' dir='ltr'><strong>circa</strong></span> <span class='ocrx_word' id='word_1_208' title='bbox 1592 1370 1667 1412; x_wconf 48' lang='lat' dir='ltr'><strong>po*-</strong></span> 
     </span>
     <span class='ocr_line' id='line_1_24' title="bbox 61 1404 1668 1464; baseline 0 -13"><span class='ocrx_word' id='word_1_209' title='bbox 61 1424 67 1430; x_wconf 63' lang='lat'><strong><em>¹</em></strong></span> <span class='ocrx_word' id='word_1_210' title='bbox 120 1411 226 1456; x_wconf 83' lang='lat' dir='ltr'><strong>lum,</strong></span> <span class='ocrx_word' id='word_1_211' title='bbox 262 1406 563 1448; x_wconf 78' lang='lat' dir='ltr'><strong>interfectiones</strong></span> <span class='ocrx_word' id='word_1_212' title='bbox 592 1404 750 1457; x_wconf 82' lang='lat' dir='ltr'><strong>Spiralis</strong></span> <span class='ocrx_word' id='word_1_213' title='bbox 779 1406 997 1446; x_wconf 78' lang='lat' dir='ltr'><strong>transibunt</strong></span> <span class='ocrx_word' id='word_1_214' title='bbox 1019 1408 1060 1447; x_wconf 93' lang='lat' dir='ltr'><strong>in</strong></span> <span class='ocrx_word' id='word_1_215' title='bbox 1080 1409 1119 1447; x_wconf 93' lang='lat' dir='ltr'><strong>se</strong></span> <span class='ocrx_word' id='word_1_216' title='bbox 1139 1418 1311 1456; x_wconf 79' lang='lat' dir='ltr'><strong>mutuo,</strong></span> <span class='ocrx_word' id='word_1_217' title='bbox 1338 1423 1510 1464; x_wconf 79' lang='lat' dir='ltr'><strong>quaeque</strong></span> <span class='ocrx_word' id='word_1_218' title='bbox 1539 1414 1668 1464; x_wconf 86' lang='lat' dir='ltr'><strong>prima</strong></span> 
     </span>
     <span class='ocr_line' id='line_1_25' title="bbox 120 1460 1669 1516; baseline 0.001 -11"><span class='ocrx_word' id='word_1_219' title='bbox 120 1473 205 1505; x_wconf 89' lang='lat' dir='ltr'><strong>erat</strong></span> <span class='ocrx_word' id='word_1_220' title='bbox 225 1463 293 1503; x_wconf 89' lang='lat' dir='ltr'><strong>seu</strong></span> <span class='ocrx_word' id='word_1_221' title='bbox 321 1462 525 1514; x_wconf 73' lang='lat' dir='ltr'><strong>proxima,</strong></span> <span class='ocrx_word' id='word_1_222' title='bbox 553 1463 641 1512; x_wconf 83' lang='lat' dir='ltr'><strong>post</strong></span> <span class='ocrx_word' id='word_1_223' title='bbox 670 1472 789 1499; x_wconf 88' lang='lat' dir='ltr'><strong>unam</strong></span> <span class='ocrx_word' id='word_1_224' title='bbox 818 1460 1114 1500; x_wconf 86' lang='lat' dir='ltr'><strong>revolutionem</strong></span> <span class='ocrx_word' id='word_1_225' title='bbox 1143 1461 1316 1502; x_wconf 85' lang='lat' dir='ltr'><strong>secunda</strong></span> <span class='ocrx_word' id='word_1_226' title='bbox 1334 1464 1429 1510; x_wconf 90' lang='lat' dir='ltr'><strong>erit,</strong></span> <span class='ocrx_word' id='word_1_227' title='bbox 1455 1464 1544 1516; x_wconf 90' lang='lat' dir='ltr'><strong>post</strong></span> <span class='ocrx_word' id='word_1_228' title='bbox 1571 1465 1669 1506; x_wconf 88' lang='lat' dir='ltr'><strong>duas</strong></span> 
     </span>
     <span class='ocr_line' id='line_1_26' title="bbox 122 1513 1671 1571; baseline 0 -12"><span class='ocrx_word' id='word_1_229' title='bbox 122 1518 261 1564; x_wconf 82' lang='lat' dir='ltr'><strong>tertia,</strong></span> <span class='ocrx_word' id='word_1_230' title='bbox 290 1515 329 1556; x_wconf 72' lang='grc' dir='ltr'><strong>δε</strong></span> <span class='ocrx_word' id='word_1_231' title='bbox 354 1514 404 1555; x_wconf 82' lang='lat' dir='ltr'><strong>fic</strong></span> <span class='ocrx_word' id='word_1_232' title='bbox 427 1513 636 1566; x_wconf 87' lang='lat' dir='ltr'><strong>deinceps:</strong></span> <span class='ocrx_word' id='word_1_233' title='bbox 667 1526 742 1553; x_wconf 88' lang='lat' dir='ltr'><strong>nec</strong></span> <span class='ocrx_word' id='word_1_234' title='bbox 772 1514 925 1554; x_wconf 88' lang='lat' dir='ltr'><strong>interea</strong></span> <span class='ocrx_word' id='word_1_235' title='bbox 955 1514 1174 1554; x_wconf 88' lang='lat' dir='ltr'><strong>mutabitur</strong></span> <span class='ocrx_word' id='word_1_236' title='bbox 1202 1517 1375 1568; x_wconf 82' lang='lat' dir='ltr'><strong>aequatio</strong></span> <span class='ocrx_word' id='word_1_237' title='bbox 1395 1517 1467 1557; x_wconf 84' lang='lat' dir='ltr'><strong>nisi</strong></span> <span class='ocrx_word' id='word_1_238' title='bbox 1487 1530 1562 1571; x_wconf 90' lang='lat' dir='ltr'><strong>pro</strong></span> <span class='ocrx_word' id='word_1_239' title='bbox 1581 1532 1671 1560; x_wconf 90' lang='lat' dir='ltr'><strong>mu-</strong></span> 
     </span>
     <span class='ocr_line' id='line_1_27' title="bbox 120 1567 1672 1622; baseline 0.001 -10"><span class='ocrx_word' id='word_1_240' title='bbox 120 1582 202 1612; x_wconf 91' lang='lat' dir='ltr'><strong>tata</strong></span> <span class='ocrx_word' id='word_1_241' title='bbox 229 1567 508 1622; x_wconf 85' lang='lat' dir='ltr'><strong>magnitudine</strong></span> <span class='ocrx_word' id='word_1_242' title='bbox 537 1567 805 1619; x_wconf 82' lang='lat' dir='ltr'><strong>quantitatum</strong></span> <span class='ocrx_word' id='word_1_243' title='bbox 835 1579 906 1617; x_wconf 90' lang='lat' dir='ltr'><strong>per</strong></span> <span class='ocrx_word' id='word_1_244' title='bbox 934 1580 1031 1619; x_wconf 89' lang='lat' dir='ltr'><strong>quas</strong></span> <span class='ocrx_word' id='word_1_245' title='bbox 1058 1568 1202 1619; x_wconf 86' lang='lat' dir='ltr'><strong>pofitio</strong></span> <span class='ocrx_word' id='word_1_246' title='bbox 1227 1570 1394 1609; x_wconf 88' lang='lat' dir='ltr'><strong>secantis</strong></span> <span class='ocrx_word' id='word_1_247' title='bbox 1425 1571 1672 1614; x_wconf 87' lang='lat' dir='ltr'><strong>determina-</strong></span> 
     </span>
     <span class='ocr_line' id='line_1_28' title="bbox 121 1619 1673 1672; baseline 0.004 -9"><span class='ocrx_word' id='word_1_248' title='bbox 121 1636 198 1666; x_wconf 81' lang='lat' dir='ltr'><strong>tur.</strong></span> <span class='ocrx_word' id='word_1_249' title='bbox 256 1623 377 1663; x_wconf 87' lang='lat' dir='ltr'><strong>Unde</strong></span> <span class='ocrx_word' id='word_1_250' title='bbox 403 1633 497 1659; x_wconf 89' lang='lat' dir='ltr'><strong>cum</strong></span> <span class='ocrx_word' id='word_1_251' title='bbox 527 1620 768 1672; x_wconf 80' lang='lat' dir='ltr'><strong>quantitates</strong></span> <span class='ocrx_word' id='word_1_252' title='bbox 790 1619 866 1658; x_wconf 83' lang='lat' dir='ltr'><strong>illae</strong></span> <span class='ocrx_word' id='word_1_253' title='bbox 897 1619 984 1671; x_wconf 84' lang='lat' dir='ltr'><strong>post</strong></span> <span class='ocrx_word' id='word_1_254' title='bbox 1011 1620 1177 1672; x_wconf 77' lang='lat' dir='ltr'><strong>singulas</strong></span> <span class='ocrx_word' id='word_1_255' title='bbox 1197 1623 1470 1664; x_wconf 82' lang='lat' dir='ltr'><strong>revolutiones</strong></span> <span class='ocrx_word' id='word_1_256' title='bbox 1497 1626 1673 1669; x_wconf 82' lang='lat' dir='ltr'><strong>redeunt</strong></span> 
     </span>
     <span class='ocr_line' id='line_1_29' title="bbox 121 1672 1713 1731; baseline -0.004 -10"><span class='ocrx_word' id='word_1_257' title='bbox 121 1679 171 1721; x_wconf 86' lang='lat' dir='ltr'><strong>ad</strong></span> <span class='ocrx_word' id='word_1_258' title='bbox 209 1673 505 1731; x_wconf 86' lang='lat' dir='ltr'><strong>magnitudines</strong></span> <span class='ocrx_word' id='word_1_259' title='bbox 533 1672 677 1725; x_wconf 80' lang='lat' dir='ltr'><strong>primas</strong></span> <span class='ocrx_word' id='word_1_260' title='bbox 698 1702 709 1720; x_wconf 93' lang='lat'>‚</span> <span class='ocrx_word' id='word_1_261' title='bbox 737 1672 912 1727; x_wconf 82' lang='lat' dir='ltr'><strong>aequatio</strong></span> <span class='ocrx_word' id='word_1_262' title='bbox 941 1673 1091 1714; x_wconf 88' lang='lat' dir='ltr'><strong>redibit</strong></span> <span class='ocrx_word' id='word_1_263' title='bbox 1117 1674 1168 1714; x_wconf 90' lang='lat' dir='ltr'><strong>ad</strong></span> <span class='ocrx_word' id='word_1_264' title='bbox 1198 1675 1370 1717; x_wconf 86' lang='lat' dir='ltr'><strong>formam</strong></span> <span class='ocrx_word' id='word_1_265' title='bbox 1401 1679 1569 1731; x_wconf 83' lang='lat' dir='ltr'><strong>primam</strong></span> <span class='ocrx_word' id='word_1_266' title='bbox 1588 1711 1599 1729; x_wconf 90' lang='lat'>‚</span> <span class='ocrx_word' id='word_1_267' title='bbox 1628 1697 1669 1724; x_wconf 81' lang='lat' dir='ltr'><strong>a-</strong></span> <span class='ocrx_word' id='word_1_268' title='bbox 1711 1713 1713 1715; x_wconf 83' lang='grc'><em>,</em></span> 
     </span>
     <span class='ocr_line' id='line_1_30' title="bbox 123 1727 1673 1787; baseline -0.001 -13"><span class='ocrx_word' id='word_1_269' title='bbox 123 1734 285 1787; x_wconf 86' lang='lat' dir='ltr'><strong>deoque</strong></span> <span class='ocrx_word' id='word_1_270' title='bbox 312 1741 389 1771; x_wconf 90' lang='lat' dir='ltr'><strong>una</strong></span> <span class='ocrx_word' id='word_1_271' title='bbox 418 1727 642 1781; x_wconf 86' lang='lat' dir='ltr'><strong>eademque</strong></span> <span class='ocrx_word' id='word_1_272' title='bbox 672 1727 876 1768; x_wconf 79' lang='lat' dir='ltr'><strong>exhibebit</strong></span> <span class='ocrx_word' id='word_1_273' title='bbox 904 1728 1208 1770; x_wconf 87' lang='lat' dir='ltr'><strong>interfectiones</strong></span> <span class='ocrx_word' id='word_1_274' title='bbox 1237 1743 1396 1778; x_wconf 86' lang='lat' dir='ltr'><strong>omnes,</strong></span> <span class='ocrx_word' id='word_1_275' title='bbox 1427 1733 1470 1775; x_wconf 57' lang='grc' dir='ltr'><strong>ὃς</strong></span> <span class='ocrx_word' id='word_1_276' title='bbox 1490 1745 1673 1787; x_wconf 62' lang='lat' dir='ltr'><strong>proptere</strong></span> 
     </span>
     <span class='ocr_line' id='line_1_31' title="bbox 121 1782 1675 1843; baseline 0.001 -13"><span class='ocrx_word' id='word_1_277' title='bbox 121 1802 169 1831; x_wconf 88' lang='lat' dir='ltr'><strong>ea</strong></span> <span class='ocrx_word' id='word_1_278' title='bbox 186 1786 339 1829; x_wconf 85' lang='lat' dir='ltr'><strong>radices</strong></span> <span class='ocrx_word' id='word_1_279' title='bbox 356 1782 517 1824; x_wconf 82' lang='lat' dir='ltr'><strong>habebit</strong></span> <span class='ocrx_word' id='word_1_280' title='bbox 537 1794 708 1822; x_wconf 90' lang='lat' dir='ltr'><strong>numero</strong></span> <span class='ocrx_word' id='word_1_281' title='bbox 737 1782 931 1828; x_wconf 82' lang='lat' dir='ltr'><strong>infinitas,</strong></span> <span class='ocrx_word' id='word_1_282' title='bbox 964 1783 1110 1836; x_wconf 83' lang='lat' dir='ltr'><strong>quibus</strong></span> <span class='ocrx_word' id='word_1_283' title='bbox 1131 1797 1272 1826; x_wconf 90' lang='lat' dir='ltr'><strong>omnes</strong></span> <span class='ocrx_word' id='word_1_284' title='bbox 1291 1786 1471 1828; x_wconf 81' lang='lat' dir='ltr'><strong>exhiberi</strong></span> <span class='ocrx_word' id='word_1_285' title='bbox 1501 1788 1675 1843; x_wconf 67' lang='lat' dir='ltr'><strong>possunt„</strong></span> 
     </span>
     <span class='ocr_line' id='line_1_32' title="bbox 117 1836 1671 1896; baseline 0.002 -13"><span class='ocrx_word' id='word_1_286' title='bbox 117 1842 270 1896; x_wconf 88' lang='lat' dir='ltr'><strong>Nequit</strong></span> <span class='ocrx_word' id='word_1_287' title='bbox 302 1851 403 1891; x_wconf 83' lang='lat' dir='ltr'><strong>ergo</strong></span> <span class='ocrx_word' id='word_1_288' title='bbox 432 1836 663 1877; x_wconf 86' lang='lat' dir='ltr'><strong>interfectio</strong></span> <span class='ocrx_word' id='word_1_289' title='bbox 690 1847 814 1878; x_wconf 87' lang='lat' dir='ltr'><strong>rectae</strong></span> <span class='ocrx_word' id='word_1_290' title='bbox 844 1839 886 1877; x_wconf 70' lang='lat' dir='ltr'><strong>&lt;Sc</strong></span> <span class='ocrx_word' id='word_1_291' title='bbox 916 1837 1074 1890; x_wconf 87' lang='lat' dir='ltr'><strong>Spiralis</strong></span> <span class='ocrx_word' id='word_1_292' title='bbox 1111 1851 1183 1892; x_wconf 89' lang='lat' dir='ltr'><strong>per</strong></span> <span class='ocrx_word' id='word_1_293' title='bbox 1210 1841 1480 1894; x_wconf 58' lang='lat' dir='ltr'><strong>aequationem</strong></span> <span class='ocrx_word' id='word_1_294' title='bbox 1516 1843 1671 1887; x_wconf 88' lang='lat' dir='ltr'><strong>finitam</strong></span> 
     </span>
     <span class='ocr_line' id='line_1_33' title="bbox 123 1890 1675 1952; baseline 0.001 -14"><span class='ocrx_word' id='word_1_295' title='bbox 123 1896 366 1952; x_wconf 79' lang='lat' dir='ltr'><strong>generaliter</strong></span> <span class='ocrx_word' id='word_1_296' title='bbox 393 1891 583 1937; x_wconf 81' lang='lat' dir='ltr'><strong>inveniri,</strong></span> <span class='ocrx_word' id='word_1_297' title='bbox 614 1890 654 1932; x_wconf 71' lang='grc' dir='ltr'><strong>δε</strong></span> <span class='ocrx_word' id='word_1_298' title='bbox 685 1891 840 1932; x_wconf 85' lang='lat' dir='ltr'><strong>idcirco</strong></span> <span class='ocrx_word' id='word_1_299' title='bbox 870 1893 974 1932; x_wconf 81' lang='lat' dir='ltr'><strong>nulla</strong></span> <span class='ocrx_word' id='word_1_300' title='bbox 1005 1904 1115 1934; x_wconf 81' lang='lat' dir='ltr'><strong>extat</strong></span> <span class='ocrx_word' id='word_1_301' title='bbox 1143 1892 1277 1934; x_wconf 87' lang='lat' dir='ltr'><strong>Ovalis</strong></span> <span class='ocrx_word' id='word_1_302' title='bbox 1307 1896 1417 1947; x_wconf 88' lang='lat' dir='ltr'><strong>cujus</strong></span> <span class='ocrx_word' id='word_1_303' title='bbox 1446 1910 1559 1945; x_wconf 85' lang='lat' dir='ltr'><strong>area,</strong></span> <span class='ocrx_word' id='word_1_304' title='bbox 1586 1912 1675 1940; x_wconf 88' lang='lat' dir='ltr'><strong>rec-</strong></span> 
     </span>
     <span class='ocr_line' id='line_1_34' title="bbox 110 1944 1670 2045; baseline 0.003 -55"><span class='ocrx_word' id='word_1_305' title='bbox 110 1954 170 1993; x_wconf 47' lang='lat' dir='ltr'><strong>xtis</strong></span> <span class='ocrx_word' id='word_1_306' title='bbox 207 1947 409 2045; x_wconf 50' lang='lat' dir='ltr'><strong>ignperatis</strong></span> <span class='ocrx_word' id='word_1_307' title='bbox 445 1944 601 1986; x_wconf 76' lang='lat' dir='ltr'><strong>abscissa</strong></span> <span class='ocrx_word' id='word_1_308' title='bbox 629 1975 640 1994; x_wconf 86' lang='lat'>‚</span> <span class='ocrx_word' id='word_1_309' title='bbox 688 1945 807 2000; x_wconf 80' lang='lat' dir='ltr'><strong>possit</strong></span> <span class='ocrx_word' id='word_1_310' title='bbox 844 1960 916 2001; x_wconf 91' lang='lat' dir='ltr'><strong>per</strong></span> <span class='ocrx_word' id='word_1_311' title='bbox 962 1948 1081 1989; x_wconf 87' lang='lat' dir='ltr'><strong>talem</strong></span> <span class='ocrx_word' id='word_1_312' title='bbox 1120 1950 1391 2004; x_wconf 81' lang='lat' dir='ltr'><strong>aequationem</strong></span> <span class='ocrx_word' id='word_1_313' title='bbox 1428 1953 1670 2004; x_wconf 85' lang='lat' dir='ltr'><strong>generaliter</strong></span> 
     </span>
     <span class='ocr_line' id='line_1_35' title="bbox 123 2004 316 2048; baseline -0.026 0"><span class='ocrx_word' id='word_1_314' title='bbox 123 2005 217 2048; x_wconf 78' lang='lat' dir='ltr'><strong>exhi</strong></span> <span class='ocrx_word' id='word_1_315' title='bbox 248 2004 316 2045; x_wconf 88' lang='lat' dir='ltr'><strong>eri.</strong></span> 
     </span>
    </p>
   </div>
   <div class='ocr_carea' id='block_1_3' title="bbox 125 2110 1674 2388">
    <p class='ocr_par' dir='ltr' id='par_1_3' title="bbox 125 2110 1674 2388">
     <span class='ocr_line' id='line_1_36' title="bbox 178 2110 1672 2171; baseline 0.003 -16"><span class='ocrx_word' id='word_1_316' title='bbox 178 2113 343 2155; x_wconf 89' lang='lat' dir='ltr'><strong>Eodem</strong></span> <span class='ocrx_word' id='word_1_317' title='bbox 380 2119 619 2163; x_wconf 83' lang='lat' dir='ltr'><strong>argumento</strong></span> <span class='ocrx_word' id='word_1_318' title='bbox 642 2140 652 2159; x_wconf 91' lang='lat'>‚</span> <span class='ocrx_word' id='word_1_319' title='bbox 687 2110 716 2151; x_wconf 91' lang='lat' dir='ltr'><strong>fi</strong></span> <span class='ocrx_word' id='word_1_320' title='bbox 744 2111 996 2152; x_wconf 85' lang='lat' dir='ltr'><strong>intervallum</strong></span> <span class='ocrx_word' id='word_1_321' title='bbox 1026 2112 1106 2165; x_wconf 88' lang='lat' dir='ltr'><strong>poli</strong></span> <span class='ocrx_word' id='word_1_322' title='bbox 1137 2112 1179 2153; x_wconf 66' lang='grc' dir='ltr'><strong>δε</strong></span> <span class='ocrx_word' id='word_1_323' title='bbox 1206 2114 1367 2167; x_wconf 83' lang='lat' dir='ltr'><strong>puncti,</strong></span> <span class='ocrx_word' id='word_1_324' title='bbox 1402 2127 1486 2168; x_wconf 87' lang='lat' dir='ltr'><strong>quo</strong></span> <span class='ocrx_word' id='word_1_325' title='bbox 1513 2115 1672 2171; x_wconf 87' lang='lat' dir='ltr'><strong>Spiralis</strong></span> 
     </span>
     <span class='ocr_line' id='line_1_37' title="bbox 125 2165 1672 2225; baseline 0.001 -14"><span class='ocrx_word' id='word_1_326' title='bbox 125 2168 363 2211; x_wconf 87' lang='lat' dir='ltr'><strong>describitur</strong></span> <span class='ocrx_word' id='word_1_327' title='bbox 380 2195 391 2213; x_wconf 94' lang='lat'>‚</span> <span class='ocrx_word' id='word_1_328' title='bbox 422 2165 599 2218; x_wconf 83' lang='lat' dir='ltr'><strong>capiatur</strong></span> <span class='ocrx_word' id='word_1_329' title='bbox 628 2166 765 2208; x_wconf 83' lang='lat' dir='ltr'><strong>Ovalis</strong></span> <span class='ocrx_word' id='word_1_330' title='bbox 784 2167 1004 2219; x_wconf 86' lang='lat' dir='ltr'><strong>perimetro</strong></span> <span class='ocrx_word' id='word_1_331' title='bbox 1023 2166 1191 2208; x_wconf 79' lang='lat' dir='ltr'><strong>absciffae</strong></span> <span class='ocrx_word' id='word_1_332' title='bbox 1219 2169 1519 2222; x_wconf 86' lang='lat' dir='ltr'><strong>proportionale</strong></span> <span class='ocrx_word' id='word_1_333' title='bbox 1538 2200 1549 2218; x_wconf 88' lang='lat'>,</span> <span class='ocrx_word' id='word_1_334' title='bbox 1578 2185 1672 2225; x_wconf 87' lang='lat' dir='ltr'><strong>pro-</strong></span> 
     </span>
     <span class='ocr_line' id='line_1_38' title="bbox 126 2219 1674 2281; baseline 0.001 -16"><span class='ocrx_word' id='word_1_335' title='bbox 126 2224 212 2265; x_wconf 91' lang='lat' dir='ltr'><strong>bari</strong></span> <span class='ocrx_word' id='word_1_336' title='bbox 241 2221 371 2277; x_wconf 90' lang='lat' dir='ltr'><strong>potest</strong></span> <span class='ocrx_word' id='word_1_337' title='bbox 396 2219 507 2274; x_wconf 89' lang='lat' dir='ltr'><strong>quod</strong></span> <span class='ocrx_word' id='word_1_338' title='bbox 537 2220 752 2275; x_wconf 87' lang='lat' dir='ltr'><strong>longitudo</strong></span> <span class='ocrx_word' id='word_1_339' title='bbox 783 2220 988 2275; x_wconf 88' lang='lat' dir='ltr'><strong>perimetri</strong></span> <span class='ocrx_word' id='word_1_340' title='bbox 1025 2223 1166 2277; x_wconf 90' lang='lat' dir='ltr'><strong>nequit</strong></span> <span class='ocrx_word' id='word_1_341' title='bbox 1195 2235 1266 2276; x_wconf 91' lang='lat' dir='ltr'><strong>per</strong></span> <span class='ocrx_word' id='word_1_342' title='bbox 1295 2223 1449 2265; x_wconf 86' lang='lat' dir='ltr'><strong>finitam</strong></span> <span class='ocrx_word' id='word_1_343' title='bbox 1486 2227 1674 2281; x_wconf 71' lang='lat' dir='ltr'><strong>aequatio-</strong></span> 
     </span>
     <span class='ocr_line' id='line_1_39' title="bbox 125 2276 1670 2335; baseline 0.001 -15"><span class='ocrx_word' id='word_1_344' title='bbox 125 2292 219 2321; x_wconf 86' lang='lat' dir='ltr'><strong>nem</strong></span> <span class='ocrx_word' id='word_1_345' title='bbox 257 2276 495 2331; x_wconf 82' lang='lat' dir='ltr'><strong>generaliter</strong></span> <span class='ocrx_word' id='word_1_346' title='bbox 534 2277 726 2317; x_wconf 83' lang='lat' dir='ltr'><strong>exhiberi.</strong></span> <span class='ocrx_word' id='word_1_347' title='bbox 784 2276 850 2317; x_wconf 89' lang='lat' dir='ltr'><strong>De</strong></span> <span class='ocrx_word' id='word_1_348' title='bbox 889 2276 1079 2317; x_wconf 60' lang='lat' dir='ltr'><strong>&amp;vambos</strong></span> <span class='ocrx_word' id='word_1_349' title='bbox 1120 2289 1253 2318; x_wconf 85' lang='lat' dir='ltr'><strong>aurem</strong></span> <span class='ocrx_word' id='word_1_350' title='bbox 1289 2278 1354 2319; x_wconf 91' lang='lat' dir='ltr'><strong>hic</strong></span> <span class='ocrx_word' id='word_1_351' title='bbox 1395 2280 1540 2334; x_wconf 85' lang='lat' dir='ltr'><strong>loquor</strong></span> <span class='ocrx_word' id='word_1_352' title='bbox 1581 2292 1670 2335; x_wconf 86' lang='lat' dir='ltr'><strong>quae</strong></span> 
     </span>
     <span class='ocr_line' id='line_1_40' title="bbox 125 2330 1515 2388; baseline 0 -13"><span class='ocrx_word' id='word_1_353' title='bbox 125 2347 209 2376; x_wconf 91' lang='lat' dir='ltr'><strong>non</strong></span> <span class='ocrx_word' id='word_1_354' title='bbox 239 2341 456 2386; x_wconf 81' lang='lat' dir='ltr'><strong>tanguntur</strong></span> <span class='ocrx_word' id='word_1_355' title='bbox 485 2343 506 2370; x_wconf 87' lang='lat' dir='ltr'><strong>a</strong></span> <span class='ocrx_word' id='word_1_356' title='bbox 535 2330 673 2385; x_wconf 86' lang='lat' dir='ltr'><strong>figuris</strong></span> <span class='ocrx_word' id='word_1_357' title='bbox 704 2331 925 2385; x_wconf 84' lang='lat' dir='ltr'><strong>conjugatis</strong></span> <span class='ocrx_word' id='word_1_358' title='bbox 953 2330 996 2373; x_wconf 87' lang='lat' dir='ltr'><strong>in</strong></span> <span class='ocrx_word' id='word_1_359' title='bbox 1023 2331 1224 2376; x_wconf 87' lang='lat' dir='ltr'><strong>infinitum</strong></span> <span class='ocrx_word' id='word_1_360' title='bbox 1245 2334 1515 2388; x_wconf 83' lang='lat' dir='ltr'><strong>pergentibus.</strong></span> 
     </span>
    </p>
   </div>
   <div class='ocr_carea' id='block_1_4' title="bbox 841 2440 1679 2495">
    <p class='ocr_par' dir='ltr' id='par_1_4' title="bbox 841 2440 1679 2495">
     <span class='ocr_line' id='line_1_41' title="bbox 841 2440 1679 2495; baseline 0.005 -15"><span class='ocrx_word' id='word_1_361' title='bbox 841 2440 881 2481; x_wconf 88' lang='lat' dir='ltr'>N</span> <span class='ocrx_word' id='word_1_362' title='bbox 910 2455 932 2480; x_wconf 87' lang='lat'><em>2</em></span> <span class='ocrx_word' id='word_1_363' title='bbox 1548 2442 1679 2495; x_wconf 60' lang='grc' dir='ltr'><strong>00νοίῖ</strong></span> 
     </span>
    </p>
   </div>
  </div>
 </body>
</html>
