2079 3033
429 174 511 225 442·
696 169 1188 215 PHtLosoPfflAE
1223 164 1635 222 NATURALIS

236 271 285 303 Du
304 270 418 304 Mum
437 258 508 300 dio
534 258 721 304 Saturni,
760 257 964 312 nuncipfi
991 259 1150 313 aequalis
1171 258 1435 312 judicabatur.
1501 261 1632 302 Porro
1661 275 1753 307 eum
1777 269 1972 315 diameter

237 307 423 348 ursanus,
438 314 614 368 capillitii
643 312 908 353 Cometarum
947 325 1036 353 raro
1062 313 1219 367 superet
1258 314 1290 354 8‘
1321 317 1383 356 vel
1414 317 1472 354 12‘
1493 349 1502 363 ‚
1546 317 1742 360 diameter
1776 335 1872 366 vero
1902 341 1975 369 nu-

440 369 516 409 clei
547 368 614 408 scu
649 365 767 406 stellae
804 367 988 408 centralis
1022 367 1068 408 fit
1103 368 1209 422 quasi
1247 369 1403 410 decima
1430 372 1490 411 vel
1521 371 1626 412 forte
1655 372 1810 416 decima
1839 383 1976 432 quinta

439 434 528 477 pars
563 420 748 461 diametri
782 421 987 474 capillitii,
1031 432 1140 475 patet
1169 423 1305 464 Stellas
1338 424 1452 465 hasce
1486 435 1530 465 ut
1559 427 1774 479 plurimum
1801 431 1974 483 ejusdem

440 475 517 516 effe
543 475 765 528 apparentis
792 475 1077 528 magnitudinis
1105 490 1198 517 cum
1225 477 1409 519 planetis.
1468 479 1592 521 Unde
1622 494 1716 522 cum
1745 485 1813 525 lux
1842 500 1978 531 earum

440 541 533 570 cum
561 531 650 569 luce
678 529 836 570 Saturni
868 542 951 570 non
979 543 1070 571 raro
1096 532 1271 572 conferri
1301 532 1441 586 possit,
1481 547 1650 588 eamque
1677 537 1891 590 aliquando
1919 544 1980 585 su..
2011 545 2014 546 ’

438 592 581 637 peret3
628 582 878 624 manifestum
916 584 972 624 est
999 585 1110 637 quod
1141 585 1328 627 Cometae
1356 601 1495 628 omnes
1524 589 1564 629 in
1594 589 1798 633 Periheliis
1830 597 1892 637 vel
1921 599 1980 639 in-

439 637 501 678 fra
520 637 735 678 Saturnum
760 638 985 679 collocandi
1014 638 1112 687 sint,
1151 641 1214 680 vel
1244 652 1325 680 non
1354 641 1472 695 longe
1495 642 1619 696 supra.
1685 644 1832 689 Errant
1857 652 1979 704 igitur

441 700 532 732 toto
562 693 672 732 coelo
699 692 769 746 qui
796 692 988 733 Cometas
1006 694 1044 733 in
1064 694 1272 746 regionem
1292 694 1480 736 Fixarum
1508 709 1634 751 prope
1662 699 1872 754 ablegant:
1903 719 1982 761 qua

442 756 554 786 certe
589 747 744 797 ratione
779 759 861 787 non
897 747 1020 799 magis
1047 746 1225 788 illustrari
1252 747 1446 789 deberent
1474 764 1494 790 a
1524 751 1616 793 Sole
1648 754 1783 796 nostro
1803 787 1815 806 ‚
1860 773 1981 814 quam

440 799 638 848 Planetae‚
667 801 735 854 qui
755 801 820 841 hic
840 801 951 848 sunt,
979 801 1218 842 illustrantur
1236 815 1257 842 a
1274 801 1403 843 Stellis
1422 803 1520 846 fixis.

494 900 602 942 Haec
649 900 933 954 disputavimus
977 913 1060 941 non
1098 901 1389 943 considerando
1425 902 1746 950 obscurationem
1791 911 2002 959 Cometa„

441 968 530 996 rum
565 968 637 1008 per
669 956 823 995 fumum
860 956 971 994 illum
999 954 1174 995 maxime
1203 957 1410 1009 copiosum
1437 957 1479 998 δε
1509 960 1676 1003 crassum
1694 992 1705 1011 ,
1750 978 1833 1020 quo
1863 982 1982 1024 caput

389 1002 395 1008 ⁵
442 1009 722 1055 circundatur,
761 1007 865 1060 quafi
893 1019 964 1059 per
987 1008 1137 1049 nubem
1165 1009 1304 1051 obtuse
1331 1011 1485 1065 semper
1509 1014 1668 1057 lucens'.>
1730 1019 1834 1063 Nam
1860 1037 1984 1078 quan-

442 1072 487 1103 to
522 1063 723 1103 obscurius
752 1061 938 1101 redditur
965 1074 1110 1116 corpus
1139 1076 1209 1117 per
1244 1064 1351 1106 hunc
1374 1064 1559 1115 fumum,
1604 1076 1716 1112 tanto
1744 1077 1906 1130 propius
1933 1080 1984 1122 ad

443 1117 578 1157 Solem
606 1115 772 1156 accedat
792 1115 947 1156 neceffe
973 1115 1050 1163 est,
1078 1128 1122 1157 ut
1142 1118 1257 1171 copia
1275 1119 1373 1159 lucis
1393 1134 1413 1160 a
1430 1121 1468 1160 se
1489 1121 1639 1164 reflexa
1658 1125 1839 1170 Planetas
1858 1144 1982 1176 aemu-

440 1172 556 1211 letur.
621 1169 719 1211 Inde
754 1169 962 1210 verifimile
993 1170 1037 1210 fit
1075 1171 1266 1213 Cometas
1302 1174 1423 1226 longe
1459 1174 1560 1216 infra
1594 1178 1784 1231 sphaeram
1823 1184 1979 1231 Saturni

442 1223 687 1264 descendere
706 1253 717 1272 ,
755 1224 814 1263 uti
846 1238 896 1264 ex
921 1224 1112 1265 Parallaxi
1146 1227 1412 1280 probavimus.
1476 1229 1588 1280 Idem
1623 1246 1723 1274 vero
1754 1250 1871 1290 quam
1900 1256 1983 1284 ma-

442 1278 552 1319 xime
588 1277 851 1318 confirmatur
886 1292 936 1318 ex
971 1277 1135 1319 Caudis.
1202 1279 1286 1321 Hae
1321 1282 1381 1322 vel
1411 1295 1463 1323 ex
1490 1284 1715 1328 reflexione
1741 1290 1842 1333 fumi
1868 1292 1982 1349 sparsi

442 1344 516 1385 per
536 1331 729 1379 AEthera,
769 1333 831 1372 vel
861 1345 913 1372 ex
939 1332 1028 1372 luce
1057 1333 1196 1385 capitis
1223 1335 1419 1377 oriuntur.
1478 1337 1617 1379 Priore
1648 1342 1737 1384 casu
1764 1346 1982 1393 minuenda

444 1385 501 1426 est
537 1385 717 1426 distantia
753 1386 1016 1426 Cometarum
1043 1415 1054 1433 ,
1099 1399 1150 1427 ne
1186 1387 1318 1429 fumus
1348 1403 1369 1429 a
1402 1390 1533 1444 capite
1568 1393 1723 1447 semper
1760 1411 1870 1443 ortus
1908 1417 1981 1458 pel.

443 1439 562 1492 spatia
598 1439 716 1480 nimis
751 1440 878 1493 ampla
916 1439 1140 1481 incredibili
1177 1455 1269 1483 cum
1306 1444 1520 1486 velocitate
1555 1447 1595 1487 δε
1624 1453 1862 1504 expansione
1888 1471 1982 1512 pro-2

442 1504 624 1546 pagetur.
688 1493 731 1533 In
765 1494 984 1547 posteriore
1011 1494 1220 1537 referenda
1246 1496 1301 1538 est
1327 1498 1396 1539 lux
1423 1500 1552 1541 omnis
1582 1511 1662 1544 tam
1695 1509 1833 1550 caudae
1860 1525 1981 1567 quam

442 1547 618 1601 capillitii
655 1547 704 1587 ad
747 1549 934 1589 nucleum
971 1549 1121 1602 capitis.
1186 1551 1311 1604 Igitur
1341 1552 1375 1593 ·s1
1409 1555 1679 1608 concipiamus
1714 1561 1845 1605 lucem
1879 1567 1981 1612 hanc

441 1613 604 1641 omnem
642 1603 879 1655 congregari
914 1603 956 1642 δε
992 1604 1094 1643 intra
1122 1603 1273 1646 discum
1298 1607 1430 1647 nuclei
1456 1610 1679 1658 coarctari,
1716 1618 1880 1660 nucleus
1912 1623 1980 1665 5113

437 1654 519 1708 jam
554 1665 695 1701 certe,
732 1657 890 1708 quoties
928 1657 1095 1697 caudam
1132 1660 1345 1700 maximam
1384 1661 1423 1700 &
1450 1661 1773 1713 fulgentiffimam
1798 1675 1979 1726 emittit,

436 1708 582 1760 jovem
628 1708 753 1761 ipsum
794 1710 1008 1761 splendore
1049 1710 1120 1749 sno
1157 1713 1328 1751 multum
1373 1713 1580 1765 superabit.
1652 1718 1820 1765 Minore
1855 1727 1979 1781 igitur

443 1775 536 1803 cum
569 1762 768 1802 diametro
795 1771 1007 1814 apparente
1036 1763 1120 1813 plus
1147 1764 1243 1804 lucis
1266 1765 1474 1814 emittens,
1511 1770 1639 1810 multo
1666 1777 1789 1828 magis
1814 1780 1976 1825 illustra-

440 1814 549 1855 bitur
578 1824 598 1855 a
624 1815 738 1860 Sole,
774 1812 958 1867 adeoque
986 1816 1061 1856 erit
1088 1811 1170 1857 Soli
1199 1819 1326 1859 multo
1354 1821 1529 1873 propior.
1588 1826 1821 1877 Quinetiam
1848 1827 1976 1889 Capisa

442 1869 512 1909 sub
540 1869 633 1909 Sole
660 1868 950 1916 delitescentia,
989 1869 1030 1909 &
1056 1871 1199 1911 caudas
1228 1879 1321 1912 cum
1349 1874 1537 1925 maximas
1565 1888 1650 1918 tum
1677 1880 1977 1936 fulgentiflimas

439 1923 560 1963 instar
597 1922 764 1963 trabium
801 1922 1014 1975 ignitarum
1050 1936 1336 1979 nonnunquam
1378 1928 1632 1979 emittentia,
1672 1937 1819 1980 eodem
1862 1957 1976 1998 argu-

440 1986 581 2020 :mento
607 1977 708 2017 infra
733 1976 873 2017 orbem
900 1976 1069 2018 Veneris
1094 1979 1280 2020 collocari
1308 1980 1468 2030 debent.
1523 1984 1629 2027 Nam
1657 1988 1727 2030 lux
1752 1992 1813 2034 illa
1844 2001 1973 2043 omnig

441 2031 468 2071 fi
497 2032 537 2071 in
564 2030 710 2071 stellam
736 2031 971 2084 congregari
996 2030 1261 2085 supponatur,
1289 2035 1409 2088 ipsam
1431 2035 1636 2082 Venerem
1662 2056 1712 2084 ne
1732 2045 1861 2092 dicam
1890 2053 1970 2096 Ve-
2036 2037 2039 2040 .

440 2093 556 2126 neres
574 2086 703 2138 plures
724 2085 949 2138 conjuncias
968 2086 1211 2141 quandoque
1228 2089 1440 2143 superaret.

490 2191 602 2233 Idem
638 2192 814 2247 denique
849 2193 1049 2246 colligitur
1085 2209 1136 2236 ex
1171 2196 1260 2237 luce
1295 2197 1469 2249 capitum
1507 2201 1709 2245 crescente
1746 2209 1787 2250 in
1815 2217 1964 2259 recessu

438 2246 700 2287 Cometarum
727 2262 747 2287 a
765 2247 894 2287 Terra
921 2248 1054 2289 Solem
1075 2250 1227 2302 versuS‚
1255 2265 1299 2291 ac
1319 2252 1575 2294 decrescente
1594 2257 1634 2298 in
1653 2273 1793 2305 eorum
1819 2272 1967 2314 recessu

437 2308 461 2341 a
497 2301 587 2341 Sole
623 2300 754 2341 versus
789 2300 973 2342 Terram.
1030 2303 1094 2344 Sic
1133 2305 1446 2346 enim-Cometa
1485 2308 1679 2360 posterior
1714 2319 1822 2360 Anni
1863 2328 1963 2376 1665

441 2354 695 2409 (observante
723 2355 936 2406 Heraeam)
976 2370 1025 2398 ex
1061 2371 1143 2412 quo
1167 2359 1342 2414 conspici
1368 2361 1519 2414 coepit,
1555 2367 1785 2412 remittebat
1811 2374 1965 2431 semper

1910 2434 1962 2475 de
