2079 3033
400 156 1331 209 PRINCIPIAMATHEMATICA.
1474 146 1477 147 ⁷
1571 182 1647 219 377

354 287 780 332 PRoPoslTio
809 286 906 330 xv.
938 287 1327 331 PROBLEMA
1355 289 1381 330 1.

375 382 585 434 Invenire
610 380 796 430 Orbium
811 380 1092 450 principales
1119 382 1370 433 diametros.

151 490 375 545 ‘Capiendae
394 489 481 530 sunt
497 489 558 530 hae
574 488 616 529 in
634 488 793 528 ratione·
806 486 1145 541 subsesquiplicata
1165 498 1394 544 temporum
1413 485 1642 541 periodico-

104 560 222 594 rum,
253 558 323 598 per
342 544 461 596 Prop.
480 556 545 583 xv.
583 543 674 583 Lib.
703 542 731 582 Ι.
761 541 909 581 deinde
945 543 1137 595 sigillatim
1180 544 1374 595 augendae
1414 544 1454 583 in
1483 541 1640 582 ratione

102 602 265 643 summae
286 597 490 638 maflarum
510 596 611 636 Solis
639 596 680 634 δε
708 595 885 635 Planetae
914 597 1102 650 cujusque
1130 598 1372 638 revolventis
1401 597 1449 636 ad
1468 595 1638 650 primam

72 678 74 680 ν
101 656 268 695 duarum
289 650 421 745 mliii?
439 649 800 744 qroportionalium
819 648 924 688 inter
950 650 1144 691 summam
1172 652 1277 692 illam
1302 651 1342 692 &
1365 650 1500 693 Solem
1521 679 1531 697 ‚
1571 661 1640 703 per

100 708 306 763 Prop211x.
335 730 338 740 ι
378 717 393 744 1¹¹>
423 736 429 744 .
466 735 477 744 .
950 718 952 722 ’

337 825 760 869 PROPOSITto
778 814 1203 867 XV1.PROBLE
1222 825 1272 866 M
1289 827 1328 866 A
1357 826 1401 866 11.

210 937 215 942 ·
299 909 511 962 Invenire
536 908 720 958 Orbium
737 907 1108 984 ,Eceentricit'ates
1130 907 1190 964 553?
1211 907 1425 976 Aphelim

152 1022 370 1068 ‘Problema
389 1018 515 1061 confit
532 1031 602 1073 per
622 1018 742 1073 Prop.
763 1030 905 1060 xv111.
934 1016 1026 1059 Lib.
1048 1018 1076 1060 I.

299 1138 714 1185 PRoPostTlo
742 1113 874 1185 XVIIJ
901 1139 1311 1186 THEOREMA
1338 1141 1436 1186 XV„

130 1245 428 1296 :Planetarum
451 1256 586 1292 motus
610 1241 788 1300 diurnos
807 1241 1046 1305 uniformes
1069 1243 1154 1307 effe
1172 1282 1185 1304 ,
1238 1242 1298 1294 &5⁹
1319 1242 1602 1294 librationem

446 1312 590 1361 Lunae
613 1329 667 1360 ex
689 1311 819 1379 ipstus
843 1325 961 1359 motu
983 1311 1141 1360 diurno
1165 1311 1288 1360 oriri.

153 1424 275 1471 Patet*
308 1439 379 1479 per
415 1435 548 1467 motus
586 1426 744 1479 Legem
772 1424 799 1466 I.
845 1424 886 1464 &
916 1424 1054 1465 Corol.
1084 1439 1146 1465 221
1182 1425 1304 1478 Prop.
1334 1439 1450 1467 vat.
1487 1427 1579 1470 Lib.
1604 1430 1634 1471 Ι.

98 1482 304 1537 Quoniam
334 1494 431 1522 vero
460 1480 589 1521 Lunae
609 1509 620 1527 ,
655 1481 760 1520 circa
796 1492 912 1519 axem
937 1478 1049 1518 suum
1087 1479 1340 1520 uniformiter
1369 1482 1633 1533 revolventis,

96 1536 183 1576 dies
203 1534 424 1576 menstruus
451 1534 537 1579 est;
578 1533 691 1586 hujus
718 1532 839 1573 facies
866 1533 1009 1573 eadem
1040 1533 1271 1574 ulteriorem
1302 1535 1533 1577 umbilicum
1565 1551 1631 1579 or-

95 1589 155 1629 bis
183 1589 300 1642 ipfius
330 1590 484 1640 semper
513 1588 725 1640 respiciet,
763 1588 803 1627 δε
841 1597 1054 1639 propterea
1092 1599 1164 1638 pro
1200 1587 1274 1627 situ
1314 1589 1491 1630 umbilici
1529 1592 1631 1634 illius

95 1644 268 1684 deviabit
306 1643 399 1682 hinc
435 1640 531 1681 inde
568 1654 588 1679 a
623 1640 765 1680 Terra.
820 1639 927 1680 Haec
965 1639 1020 1678 est
1056 1639 1213 1680 libratio
1252 1642 1292 1682 in
1322 1643 1629 1695 longitudinem.

94 1698 198 1738 Nam
217 1696 373 1743 libratio
392 1699 433 1736 in
453 1693 705 1735 latitudinem
727 1702 814 1733 orta
833 1693 888 1733 est
907 1707 958 1734 ex
986 1692 1243 1734 inclinatione
1270 1696 1352 1736 axis
1382 1696 1551 1739 Lunaris
1579 1701 1629 1742 ad

94 1753 256 1805 planum
275 1749 393 1791 orbis.
431 1748 559 1789 Porro
577 1747 664 1788 haec
682 1747 736 1788 ita
757 1748 795 1789 se
814 1747 958 1788 habere
971 1776 981 1793 ,
1012 1759 1064 1788 ex
1082 1747 1364 1791 Phaenomenis
1382 1753 1631 1796 manifestum

99 1805 166 1846 est.

250 1923 665 1967 PROPOSITIO
691 1923 839 1966 XVIII.
896 1924 1300 1969 THEOREMA
1329 1928 1445 1971 XVI.

96 2023 216 2073 Axes
237 2020 534 2071 Planetarum
562 2019 794 2068 diametris
831 2039 928 2086 qitae
964 2022 1031 2070 ad
1046 2023 1213 2082 eosdem
1240 2029 1343 2071 axes
1363 2028 1627 2079 normaliter

584 2089 804 2138 ducuntur
825 2089 1013 2139 minores
1035 2093 1132 2157 effe.

154 2186 328 2226 Planetae
347 2183 498 2224 sublato
516 2183 626 2224 omni
645 2195 760 2224 motu
789 2183 970 2225 circulari
997 2185 1142 2228 diurno
1172 2187 1339 2241 figuram
1368 2190 1610 2246 Sphaericam

84 2241 152 2283 'ob
171 2240 361 2294 aequalem
379 2238 557 2291 undique
585 2239 755 2290 partium
781 2240 1016 2290 gravitatem
1034 2270 1046 2289 ,
1082 2239 1265 2283 affec'tare
1291 2245 1499 2289 deberent.
1557 2227 1634 2290 Pe}

98 2306 258 2337 motum
295 2294 403 2334 illum
443 2292 674 2332 circularem
714 2293 759 2333 fit
797 2304 838 2332 ut
878 2304 1007 2345 partes
1043 2295 1090 2336 ab
1135 2309 1210 2336 axe
1252 2300 1489 2341 recedentes
1522 2303 1637 2353 juxta

41 2396 50 2414 ι
101 2359 350 2405 aequatorem
397 2345 608 2388 ascendere
654 2357 865 2389 conentur.
925 2347 1101 2404 Ideoque
1148 2353 1312 2394 materia
1359 2353 1386 2395 fi
1431 2354 1554 2396 fluida
1584 2357 1637 2400 sit

845 2400 879 2442 Β
891 2401 949 2443 bb
1478 2409 1638 2453 ascensu
