2079 3033
385 173 461 213 477,-
675 156 1166 204 ΡΗΙῘ-,ΟΞΟΡΙ-ΙΙΖΕ
1206 154 1614 200 NATURALIS

194 245 241 274 DE
258 244 375 275 MUNM
396 242 504 284 dere.
562 243 668 284 Cum
708 251 839 282 autem
877 241 1045 294 gravitas
1085 252 1306 294 corporum
1342 238 1586 292 terrestrium
1621 237 1669 279 -sit
1698 247 1742 279 ut
1769 243 1930 285 materia

194 282 439 338 Suri-:nunqu
475 297 708 350 corporibus
726 324 738 343 ‚
773 295 962 350 ⁴ideo-que
989 294 1139 335 servata
1166 295 1388 349 quantitate
1415 294 1605 347 materiae
1622 293 1779 334 intendi
1804 295 1844 336 &
1869 312 1930 338 re-

396 353 502 392 mitti
540 359 741 405 nequeat,
790 349 964 402 suspicor
1001 348 1199 390 ascensum
1238 349 1348 389 illum
1383 360 1434 388 ex
1469 346 1732 389 rarefattione
1760 351 1930 391 mate-riae

396 407 609 447 caudarum
640 404 773 457 potius
811 403 919 443 oriri.
984 403 1178 444 Ascendit
1206 402 1340 444 fumus
1367 401 1410 442 in
1437 402 1594 443 camino
1622 401 1935 455 impulsu=Aeris

396 460 463 500 ‘cui
494 461 655 499 innatat.
713 459 798 498 Aer
827 458 891 498 ille
919 469 989 510 per
1022 458 1196 498 calorem
1224 454 1444 498 rarefafius-
1462 455 1659 503 ascendit,
1688 456 1741 496 ob
1765 456 1938 497 diminu-

401 525 480 553 tam
509 513 615 565 suam
653 512 887 565 gravitatem
917 510 1140 565 specificam
1160 540 1171 558 ‚
1215 511 1256 551 ἃ
1284 510 1443 551 furnum
1471 510 1718 563 implicatum
1750 511 1852 563 rapit
1881 510 1938 551 se-

397 580 502 607 cum.
570 567 727 620 Quidni
765 565 891 607 cauda
929 566 1117 606 Cometae
1154 564 1203 605 ad
1242 564 1624 607 eundem-modum
1661 564 1882 611 ascenderit
1914 579 1938 605 a

397 621 521 662 Sole?
561 622 663 662 Nam
693 621 795 662 radii
821 620 978 661 Solares
1005 633 1090 661 non
1119 619 1269 673 agitant
1296 617 1438 659 Media
1466 631 1557 671 quae
1587 628 1823 670 permeant,
1867 618 1938 661 nisi

397 676 437 716 iu
467 674 691 716 reflexione
721 676 762 715 δε
787 674 1037 715 refractione.
1095 673 1305 713 Particulae
1325 669 1579 713 reflefftentes
1598 684 1643 712 ea
1663 673 1818 713 afflone
1838 675 1980 716 cale-2-

398 728 513 771 {216}ae
543 730 773 770 calefacient
802 742 935 775 auram
965 728 1179 768 aetheream
1208 728 1275 766 cui
1299 724 1564 777 implicantur.
1620 724 1684 766 Illa
1712 728 1846 768 calore
1871 727 1939 768 fibi

401 785 702 825 communicato
748 782 933 829 rarefiet,
978 782 1018 822 δε
1064 781 1117 821 ob
1149 780 1391 820 diminutam
1429 792 1474 819 ea
1511 779 1671 820 raritate
1707 781 1942 834 gravitatem

403 839 510 879 suam
538 837 760 892 specificam
792 849 869 891 qua
897 836 1005 889 prius
1031 834 1221 875 tendebat
1250 834 1290 874 in
1314 833 1448 874 Solem
1466 861 1478 879 ,
1523 833 1709 874 ascendet
1736 834 1777 873 δε
1804 835 1942 875 secum

402 893 527 944 rapiet
574 892 785 946 particulas
829 889 1083 931 reflefientes
1118 901 1170 928 ex
1204 887 1347 940 quibus
1383 886 1509 926 cauda
1545 888 1832 940 componitur:
1871 888 1943 930 Ad

364 961 368 962 ⁷
402 945 604 987 ascensum
638 957 830 998 vaporum
861 942 1057 983 conducit
1093 942 1214 981 etiam
1250 940 1361 993 quod
1387 940 1429 980 hi
1457 950 1647 993 gyrantur
1672 942 1777 982 circa
1806 942 1942 984 Solem

400 1001 442 1040 &
472 1013 516 1040 ea
547 999 702 1040 afflone
732 1007 929 1038 conantur
957 1010 978 1035 a
1007 996 1099 1036 Sole
1127 994 1319 1036 recedere
1339 1023 1351 1042 ‚
1392 1003 1431 1034 at
1460 995 1560 1035 Solis
1589 996 1869 1050 Atmosphaera
1898 996 1959 1037 δε·

409 1054 573 1094 materia
594 1053 802 1093 'coelorum
831 1052 895 1092 vel
920 1051 1034 1103 plane
1063 1049 1259 1103 quiescit,
1303 1049 1507 1089 velmotu
1532 1048 1616 1089 solo
1643 1062 1764 1103 quem
1792 1064 1814 1091 a
1841 1051 1943 1093 Solis

401 1107 603 1148 rotatione
642 1106 870 1158 acceperint
889 1118 907 1151 ‚·
940 1103 1090 1144 tardius
1128 1113 1300 1157 gyratur,
1357 1101 1440 1142 Hae
1478 1102 1567 1143 sunt
1604 1104 1728 1144 causae
1764 1105 1942 1147 ascensus

399 1161 621 1202 caudarum
648 1161 689 1200 in
716 1159 858 1200 vicinia
886 1158 986 1199 Solis
1006 1187 1017 1205 ,
1053 1158 1120 1198 ubi
1147 1157 1279 1198 Orbes
1302 1156 1507 1197 curvior-es
1533 1156 1649 1205 sunt,
1687 1157 1729 1197 ὃς
1753 1157 1940 1212 Cometae

398 1215 505 1255 intra
534 1213 759 1255 densiorem
787 1213 830 1257 &
856 1226 901 1253 ea
927 1212 1081 1253 ratione
1111 1212 1335 1265 graviorem
1364 1210 1465 1251 Solis
1493 1211 1814 1265 Atmosphaeram
1836 1226 1940 1254 con-

403 1268 536 1310 sistunt
556 1298 568 1316 ‚
606 1268 648 1308 &
677 1267 819 1308 caudas
849 1279 969 1322 quam
1005 1265 1247 1318 longiflimas
1277 1277 1375 1305 mox
1408 1265 1609 1307 emittunt.
1672 1265 1779 1307 Nam
1803 1266 1966 1326 eaudae*

395 1336 493 1377 quae
521 1332 617 1363 tunc
645 1321 858 1363 nascuntur
876 1351 888 1369 ‚
933 1319 1208 1360 conservando
1230 1328 1392 1359 'motum
1420 1319 1532 1359 suum
1563 1319 1604 1359 ἃ
1630 1318 1781 1360 interea
1809 1321 2003 1371 versus‘s

403 1378 539 1417 Solem
558 1372 851 1429 “gravitand-o,
899 1373 1169 1415 movebuntur
1213 1374 1318 1414 circa
1364 1373 1499 1413 Solem
1542 1373 1584 1414 in
1623 1372 1830 1427 Ellipfibus
1867 1387 1942 1428 pro

401 1430 518 1471 more
557 1431 733 1483 capitum
751 1458 763 1477 ,
805 1430 846 1469 &
874 1442 948 1482 per
975 1440 1134 1470 motum
1161 1427 1273 1478 illum
1302 1426 1432 1480 capita
1459 1427 1614 1481 semper
1643 1428 1939 1473 comitabuntur

397 1484 446 1525 ³&
483 1485 529 1525 iis
565 1484 768 1525 liberrime
806 1482 1080 1524 adhaerebunt.
1145 1481 1332 1523 Gravitas
1371 1482 1479 1522 enim
1508 1494 1704 1533 vaporum
1733 1482 1774 1522 in
1801 1483 1935 1524 Solem

399 1551 486 1579 non
515 1538 640 1591 magis
669 1537 821 1579 'efficiet
849 1548 891 1578 ut
919 1537 1057 1578 caudae
1087 1536 1219 1589 postea
1237 1535 1426 1577 decidant
1446 1548 1466 1574 a
1483 1535 1676 1588 capitibus
1701 1534 1836 1578 Solem
1854 1550 1940 1578 ver-

396 1592 481 1640 sus,
516 1605 636 1647 quam
664 1593 832 1645 gravitas
859 1591 1037 1644 capitum
1062 1589 1227 1631 efficere
1255 1589 1372 1643 poffit
1399 1599 1443 1630 ut
1471 1590 1558 1629 haec
1581 1589 1771 1630 decidant
1801 1604 1822 1630 a
1847 1604 1939 1632 cau-

401 1647 474 1687 dis.
530 1646 751 1687 Communi
779 1647 972 1698 gravitate
997 1646 1060 1685 vel
1087 1644 1198 1684 fimul
1224 1646 1267 1684 in
1296 1644 1430 1683 Solem
1459 1642 1631 1688 cadunt,
1670 1644 1730 1683 vel
1760 1643 1871 1685 fitrul
1898 1645 1939 1686 in

400 1700 560 1741 ascensu
598 1700 668 1739 suo
706 1698 1045 1742 1·eta1·dabuntur;
1086 1697 1275 1748 *adeoque
1311 1697 1480 1748 gravitas
1517 1696 1580 1734 illa
1618 1708 1700 1735 non
1737 1697 1940 1750 impedit,

399 1767 488 1808 quo
512 1754 643 1794 minus
671 1751 809 1791 caudae
840 1751 881 1790 δε
909 1750 1036 1802 capita
1061 1749 1298 1800 positionem
1324 1761 1607 1802 quamcunque
1637 1748 1688 1788 ad
1715 1750 1887 1791 invicem
1917 1765 1940 1791 a

405 1807 526 1848 causis
548 1806 628 1859 jam
656 1804 883 1856 descriptist,
911 1813 977 1844 aut
1006 1803 1090 1844 aliis
1108 1803 1431 1856 quibuscunque,
1459 1801 1645 1843 facillime
1674 1804 1868 1857 accipiant
1899 1804 1941 1845 δε

404 1861 537 1916 postea
558 1859 757 1900 liberrime
775 1858 943 1899 ferventi,
1194 1865 1196 1869 ·
1724 1906 1726 1908 v

459 1913 615 1955 Caudae
642 1912 764 1966 igitur
792 1925 882 1966 quae
910 1913 950 1953 in
980 1910 1243 1951 Cometarum
1271 1910 1476 1952 Periheliis
1501 1911 1736 1959 nascuntur,
1763 1911 1805 1953 in
1834 1913 1938 1965 regi·
1974 1953 1982 1961 ἴ

407 1981 506 2010 ones
542 1969 776 2021 longinquas
814 1979 907 2007 cum
937 1978 1077 2006 eorum
1106 1965 1297 2018 capitibus
1327 1965 1490 2005 abibunt
1510 1994 1521 2011 ,
1568 1966 1609 2006 &
1638 1967 1702 2007 vel
1730 1965 1824 2007 inde
1854 1965 1941 2019 post

401 2024 564 2076 longam
592 2033 788 2062 annorum
815 2021 955 2061 seriem
984 2032 1076 2059 cum
1102 2019 1243 2059 iisdem
1279 2019 1330 2059 ad
1359 2032 1433 2060 nos
1458 2018 1648 2060 redibunt
1670 2049 1685 2066 ‚v
1719 2021 1781 2060 vel
1807 2021 1938 2074 potius

405 2077 459 2117 ibi
497 2075 697 2116 rarefaffitae
733 2075 918 2129 paulatim
947 2072 1194 2114 evanescent.
1258 2073 1363 2113 Nam
1392 2072 1524 2127 postea
1549 2074 1590 2114 in
1618 2073 1807 2114 descensu
1834 2075 1949 2127 capiss

407 2139 495 2170 tum
531 2129 582 2170 ad
619 2129 753 2170 Solem
790 2128 928 2169 caudae
965 2128 1093 2167 novae⁷
1118 2127 1376 2167 breviusculae
1411 2128 1522 2167 lento
1561 2137 1677 2168 motu
1704 2128 1726 2168 a
1752 2128 1945 2180 capitibus

409 2184 620 2238 propagari
647 2181 873 2228 debebunt,
902 2182 943 2221 &
973 2181 1158 2227 subinde,
1186 2181 1228 2221 in
1256 2181 1463 2222 Periheliis
1491 2180 1756 2222 Cometarum
1786 2182 1943 2222 illorum

408 2238 479 2291 qui
515 2236 690 2289 adusque
728 2235 1046 2289 Atmosphaeram
1077 2235 1177 2275 Solis
1213 2235 1490 2281 descendunt,
1535 2235 1575 2275 in
1614 2235 1850 2276 immensum
1877 2247 1943 2275 au-

411 2290 508 2344 geri.
550 2289 704 2345 ·Vapor
742 2290 849 2330 enim
886 2291 926 2330 in
964 2289 1094 2341 spatiis
1133 2289 1208 2330 illis
1245 2288 1453 2329 liberrimis
1482 2299 1681 2341 perpetuo
1711 2289 1868 2330 rarescit
1897 2302 1942 2329 ac

411 2346 609 2387 dilatatur.
667 2344 758 2399 Qua
795 2343 948 2386 ratione
976 2343 1021 2384 fit
1049 2353 1094 2386 ut
1122 2343 1248 2385 cauda
1275 2343 1404 2387 omnis
1432 2341 1483 2383 ad
1510 2344 1805 2386 extremitatem
1817 2343 1945 2401 “supe-

839 2429 841 2432 .
1798 2407 1948 2437 norem
1992 2420 1999 2431 τ
