2079 3033
411 259 588 301 “Summa
616 259 675 300 rei
698 259 778 302 huc
805 258 967 298 tandem
993 257 1128 299 redit:
1159 256 1432 298 Cometarum
1460 255 1600 310 ingens
1619 255 1674 297 est
1692 269 1907 308 numerus23

375 323 508 355 motus
538 327 681 355 eorum
709 314 796 355 sunt
825 312 1201 364 summe-regulares
1218 340 1231 359 ,
1267 312 1309 351 &
1337 310 1495 351 easdem
1524 311 1630 364 leges
1658 323 1751 353 cum
1771 313 1910 357 Plane-

374 378 507 409 tarum
543 369 718 410 motibus
744 365 964 408 observant.
1021 366 1246 409 Moventur
1271 366 1313 406 in
1339 364 1514 405 Orbibus
1531 364 1707 406 -Conicis
1724 372 1756 412 ,‘
1779 368 1820 409 hi
1846 383 1913 410 01--

374 421 444 463 bes
469 422 558 463 sunt
586 422 699 463 valde
726 420 948 462 admodum
974 420 1203 462 eceentrici.
1269 419 1469 461 Feruntur
1494 420 1674 474 undique
1707 420 1748 460 in
1776 423 1913 465 omne-s

375 476 590 517 Coelorum
617 484 746 528 partes
765 505 777 520 ,
815 476 855 515 δι
882 475 1134 516 planetarum
1169 474 1355 527 regiones
1390 472 1589 514 liberrime
1618 475 1913 528 pertranseunt,

377 529 420 570 δε
457 531 557 582 saepe
593 538 734 570 contra
762 530 978 583 Signorum
1015 529 1202 570 ordinem
1239 527 1445 568 incedunt.
1509 527 1616 568 Haec
1644 529 1918 573 Phaenomena

378 583 591 624 certiflime
625 584 912 625 confirmantur
947 597 997 625 ex
1034 582 1389 624 observationibus
1419 581 1739 626 Astronomicis:
1778 585 1820 625 δε
1847 599 1917 638 per

376 637 566 678 Vortices
599 649 806 692 nequeunt
844 638 1062 692 explicari:
1099 638 1214 684 lmo,
1259 650 1309 677 ne
1344 636 1512 692 quidem
1550 650 1643 679 cum
1683 638 1917 681 Vorticibus

372 692 627 733 planetarum
667 692 879 733 confistere
915 692 1084 745 poffunt.
1141 691 1407 732 Cometarum
1445 692 1619 733 motibus
1655 694 1823 735 omnino
1861 695 1919 734 lo-

378 760 449 787 cus
492 759 576 787 non
614 746 726 793 erit;
775 747 845 790 nifi
891 749 1053 788 materia
1100 747 1163 787 illa
1208 745 1345 787 fifiitia
1390 745 1548 799 penitus
1584 760 1606 788 e
1645 746 1776 789 Coelis
1811 761 1921 789 amo-

370 810 530 842 rveatur.

434 855 475 895 Si
506 855 613 896 enim
641 854 817 896 Planetae
848 857 1001 897 circum
1028 856 1162 897 Solem
1192 869 1214 895 a
1240 853 1478 896 Vorticibus
1504 855 1781 902 devehuntur;
1811 857 1920 898 Vor-

381 909 506 949 ticum
534 919 686 963 partes,
723 924 813 964 quae
839 911 1024 964 proxime
1051 910 1230 951 ambiunt
1256 921 1587 963 unumquemque
1614 909 1818 951 Planetam
1835 940 1848 959 ‚
1881 925 1922 951 e-

374 962 531 1016 jusdem
570 964 769 1005 densitatis
795 975 913 1006 erunt
938 978 982 1005 ac
1012 965 1174 1005 Planeta
1196 982 1206 1009 ;
1254 964 1312 1005 uti
1339 963 1453 1016 supra
1481 963 1632 1004 dicium
1658 965 1725 1005 est.
1781 966 1919 1021 Itaque

382 1018 543 1058 materia
575 1018 636 1058 illa
663 1020 793 1059 omnis
820 1032 911 1074 quae
940 1020 1129 1073 contigua
1166 1018 1222 1059 est
1246 1018 1366 1059 Orbis
1394 1018 1527 1070 magni
1557 1019 1777 1071 perimetro
1797 1049 1808 1066 ,
1856 1033 1925 1074 pa-

381 1085 466 1112 rem
502 1072 661 1112 habebit
697 1087 742 1113 ac
768 1072 909 1114 Tellus
949 1074 1215 1114 densitatem:
1260 1085 1351 1126 quae
1387 1085 1485 1112 vero
1510 1072 1614 1124 jacet
1639 1073 1741 1114 intra
1766 1074 1922 1115 Orbem

383 1139 572 1179 magnum
602 1136 722 1181 atque
748 1127 903 1168 Orbem
937 1128 1128 1174 Saturni,
1175 1128 1237 1167 vel
1268 1139 1402 1179 parem
1437 1126 1499 1167 vel
1529 1127 1718 1180 majorem
1747 1127 1920 1171 habebit.

384 1180 489 1220 Nam
516 1191 558 1221 ut
588 1181 820 1221 constitutio
849 1182 1030 1222 Vorticis
1057 1194 1292 1235 permanere
1318 1179 1438 1233 poffit
1456 1209 1467 1228 ‚
1513 1180 1662 1222 debent
1692 1192 1822 1235 partes
1849 1184 1923 1224 mi-

382 1246 457 1274 nus
485 1233 615 1275 densae
647 1245 833 1276 centrum
860 1249 1078 1290 occupare,
1105 1235 1228 1289 magis
1253 1235 1384 1276 densae
1403 1234 1558 1287 longius
1577 1249 1606 1276 va
1632 1245 1777 1277 centro
1803 1237 1922 1278 abire„

384 1287 493 1329 Cum
530 1288 636 1328 enim
666 1289 916 1331 planetarum
952 1301 1135 1344 tempora
1171 1289 1378 1344 periodica
1414 1288 1487 1330 sint
1524 1291 1564 1330 in
1599 1291 1754 1331 ratione
1779 1291 1924 1344 sesqui-

384 1342 526 1395 plicata
565 1342 835 1385 distantiarum
871 1358 892 1385 a
931 1345 1051 1392 Sole,
1098 1353 1261 1398 oportet
1308 1343 1480 1397 partium
1517 1343 1696 1386 Vorticis
1734 1345 1924 1399 periodos

385 1396 555 1437 eandem
585 1398 782 1440 rationem
809 1398 973 1441 servare.
1038 1398 1136 1439 Inde
1163 1411 1260 1439 vero
1292 1397 1500 1452 sequitur,
1547 1398 1650 1439 vires
1680 1399 1924 1453 centrifugas

383 1449 526 1491 harum
572 1453 742 1504 ‚partium
785 1452 873 1493 fore
917 1453 1125 1505 reciproce
1163 1462 1208 1494 ut
1245 1452 1436 1506 quadrata
1471 1451 1754 1495 distantiarum.
1819 1453 1925 1508 Quae

387 1504 509 1555 igitur
538 1505 687 1556 majore
723 1507 933 1546 intervallo
960 1507 1102 1546 distant
1129 1519 1150 1545 a
1176 1517 1345 1551 centro,
1387 1507 1568 1547 nituntur
1597 1507 1645 1547 ab
1676 1508 1822 1548 eodem
1859 1521 1921 1549 re-

382 1558 530 1598 cedere
559 1561 714 1607 minore
734 1560 771 1600 vi
793 1573 801 1598 ;
831 1559 940 1600 unde
966 1559 993 1599 fi
1017 1559 1146 1600 minus
1174 1558 1305 1599 densae
1331 1559 1503 1606 fuerint,
1537 1560 1692 1602 neceffe
1720 1561 1775 1601 est
1796 1573 1837 1602 ut
1857 1575 1923 1602 ce-

387 1611 482 1651 dant
523 1612 561 1651 vi
591 1613 758 1664 majori,
799 1625 876 1664 qua
904 1621 1036 1664 partes
1065 1622 1207 1651 centro
1236 1614 1446 1663 propiores
1474 1613 1687 1655 ascendere
1716 1625 1925 1657 conantur.

391 1665 624 1705 Ascendent
652 1678 750 1719 ergo
778 1665 977 1706 densiores
996 1695 1008 1714 ,
1044 1663 1288 1705 descendent
1315 1665 1445 1705 minus
1472 1665 1602 1706 densae
1621 1695 1632 1713 ,
1670 1668 1708 1707 ἃ
1737 1668 1925 1710 locorum

391 1718 461 1760 fiet
491 1718 664 1760 invicem
693 1720 968 1774 permutati03
1018 1719 1149 1760 donec
1179 1719 1233 1759 ita
1259 1717 1380 1759 fuerit
1407 1718 1590 1772 dispofita
1618 1734 1739 1775 arque
1767 1723 1927 1764 ordina-

395 1783 433 1813 ta
462 1774 624 1814 materia
653 1772 777 1814 fluida
804 1774 926 1814 totius
957 1773 1154 1820 Vorticis‚
1183 1783 1227 1814 ut
1255 1773 1537 1827 conquiescere
1559 1774 1640 1827 jam
1668 1775 1787 1829 poffit
1812 1776 1851 1817 in
1873 1790 1923 1818 ae-

389 1827 578 1880 quilibrio
604 1828 829 1869 constituta.
889 1828 928 1868 Si
954 1826 1045 1869 bina
1072 1827 1103 1869 F
1108 1828 1212 1868 luida
1229 1857 1240 1874 ‚
1278 1839 1452 1881 quorum
1478 1827 1628 1869 diversa
1654 1830 1710 1870 est
1736 1830 1925 1881 denfitas,

387 1881 429 1922 in
457 1881 604 1922 eodem
632 1883 720 1923 vase
748 1884 1036 1927 continentur-3
1078 1881 1218 1937 utique
1244 1881 1424 1922 futurum
1452 1882 1508 1922 est
1535 1892 1580 1923 ut
1604 1883 1790 1925 Fluidum
1807 1914 1819 1932 ,
1854 1900 1923 1927 cu-

384 1933 447 1987 jus
478 1936 601 1988 major
630 1936 685 1977 est
711 1937 898 1984 densitas,
928 1937 1078 1990 majore
1105 1937 1144 1978 vi
1175 1936 1392 1978 Gravitatis
1421 1937 1603 1978 infimum
1623 1949 1730 1991 petat
1761 1939 1924 1982 locum:

393 1990 434 2029 ἃ
471 1991 623 2031 ratione
658 2004 741 2032 non
775 1991 936 2032 absimili
971 1992 1137 2032 omnino
1162 1991 1381 2032 dicendum
1406 1991 1483 2039 est,
1521 1992 1720 2034 densiores
1747 1993 1928 2041 Vorticis

391 2056 524 2097 partes
559 2045 706 2098 majore
743 2046 780 2085 vi
816 2044 1039 2099 centrifuga
1073 2056 1211 2099 petere
1246 2045 1474 2096 supremum
1511 2046 1656 2088 locum.
1713 2047 1826 2088 Tota
1855 2048 1928 2103 igi-

395 2109 460 2138 tur
497 2099 559 2139 illa
591 2099 631 2139 ἅτ
671 2100 798 2140 multo
832 2101 1000 2141 maxima
1029 2114 1118 2154 pars
1148 2099 1351 2146 Vorticis,
1381 2112 1470 2153 quae
1493 2099 1591 2149 iacet
1611 2112 1722 2142 extra
1749 2101 1926 2143 Telluris

394 2153 560 2201 orbem,
590 2154 825 2195 denfitatem
854 2154 1013 2195 habebit
1041 2165 1161 2208 atque
1187 2154 1290 2195 adeo
1318 2155 1399 2194 vim
1427 2155 1580 2195 inertiae
1609 2168 1683 2209 pro
1712 2157 1817 2196 mole
1846 2170 1927 2197 rna-

399 2208 530 2254 teriae‚
559 2221 648 2261 quae
679 2222 760 2249 non
792 2210 923 2250 minor
954 2210 1028 2249 erit
1060 2223 1179 2263 quam
1207 2208 1374 2249 densitas
1402 2208 1443 2248 &
1471 2209 1526 2249 vis
1545 2211 1698 2251 inertiae
1718 2210 1925 2252 Telluris:

395 2261 491 2301 inde
520 2275 617 2302 vero
644 2263 827 2304 Cometis
857 2263 1026 2316 vaje-Pais
1056 2264 1207 2304 orietur
1235 2263 1374 2316 ingens
1403 2263 1636 2312 resistentia,
1667 2265 1707 2305 ὅε
1727 2265 1839 2306 valde
1857 2267 1925 2307 ad-

393 2316 562 2356 modum
582 2316 786 2364 sensibilis3
817 2332 867 2358 ne
894 2319 1022 2358 dicam
1040 2346 1049 2364 ,
1079 2331 1169 2372 quae
1195 2328 1351 2358 motum
1377 2317 1600 2358 eorundem
1624 2319 1779 2372 penitus
1800 2320 1927 2361 listere

395 2380 514 2425 atque
533 2370 740 2413 absorbere
762 2372 868 2426 poffe
891 2373 1036 2413 merito
1057 2373 1249 2414 videatur.
1307 2371 1472 2413 Constat
1493 2382 1625 2414 autem
1644 2387 1695 2415 ex
1713 2383 1826 2414 motu
1843 2375 1925 2416 Co-

1727 2438 1922 2471 metarum
