2079 3033
384 140 434 187 58
675 130 1165 179 PHILOSOPHIAE
1219 129 1627 174 NATURALIS

195 233 244 263 D,
264 232 360 260 Mor„
391 205 434 245 in
454 203 544 245 cafu
561 202 677 256 hujus
697 202 931 249 coronarii,
959 201 1005 242 fit
1030 202 1123 243 DS
1142 215 1184 238 -ι-
1201 199 1374 242 DHad
1393 202 1443 242 D
1457 201 1558 242 Hut
1577 217 1604 254 4
1624 203 1715 244 DS
1737 206 1787 247 ad
1818 205 1856 247 L
1885 204 1928 245 δε

200 273 375 303 Lemonum
396 258 552 301 divlfim
579 258 671 299 DS
695 258 745 298 ad
764 257 934 297 ‘DHUt
951 272 978 308 4
995 255 1153 297 Ds—
1171 253 1210 294 L
1228 255 1278 296 ad
1297 256 1349 297 L.

451 313 574 354 Corol.
603 327 640 355 2.
668 311 789 352 Unde
808 310 836 351 fi
855 311 971 353 datur
989 311 1171 364 corporis
1190 310 1379 351 velocitas
1397 312 1439 352 in
1458 312 1610 353 vertice
1630 312 1837 366 principali
1853 313 1903 352 D
1916 342 1930 361 ,

397 368 622 412 invenietur
641 366 784 406 Orbita
803 367 1015 420 expedite,
1044 363 1241 420 capiendo
1264 365 1412 405 scilicet
1440 367 1539 407 latus
1569 366 1723 407 reetum
1753 367 1854 420 ejus,
1882 368 1932 409 ad

400 424 560 477 duplam
581 420 801 462 distantiam
826 421 935 469 DS,
963 421 1005 461 in
1033 420 1232 473 duplicata
1261 419 1415 460 ratione
1445 422 1666 462 velocitatis
1691 421 1804 475 hujus
1834 421 1936 462 datae

399 479 449 519 ad
479 475 732 516 velocitatem
761 476 943 529 corporis
970 475 1012 515 in
1041 475 1208 515 Circulo
1227 502 1237 519 ,
1275 475 1323 513 ad
1355 474 1577 517 distantiam
1608 475 1697 516 DS
1715 510 1724 523 ‚
1765 476 1939 529 gyrantis

400 535 489 584 (per
510 529 648 570 Corol.
673 545 705 578 3.
727 531 845 584 Prop.
863 531 963 581 xvr.)
983 529 1077 570 dein
1099 528 1270 568 DHad
1291 528 1381 569 DS
1406 541 1448 570 ut
1476 530 1574 571 latus
1602 530 1755 572 rectum
1785 530 1834 570 ad
1864 528 1943 570 dif-

398 584 611 627 ferentiam
628 586 731 625 inter
751 586 849 625 latus
867 584 1022 626 rec‘tum
1043 584 1084 624 ἃ
1103 600 1129 635 4
1145 583 1244 624 DS.
1598 626 1601 627 γ

455 639 577 680 Corol.
609 653 642 687 3.
673 639 785 681 Hinc
815 640 934 680 etiam
962 639 989 680 fi
1019 651 1163 692 corpus
1193 648 1400 679 moveatur
1428 639 1469 680 in
1498 639 1684 681 Seffione
1703 652 1943 695 quacunque

402 693 580 739 Conica,
609 694 648 733 ὅ(
681 708 733 736 ex
759 695 870 735 Orbe
896 695 965 734 sno
993 692 1162 747 impulsu
1187 706 1432 748 quocunque
1460 696 1726 741 exturbetur;
1757 693 1948 747 cognosci

401 747 533 803 potest
561 747 680 788 Orbis
708 750 748 790 in
786 762 867 802 quo
905 748 1040 802 postea
1078 748 1236 789 cursum
1273 747 1384 788 suum
1415 759 1590 802 peraget.
1647 749 1752 789 Nam
1781 761 1946 800 compo-

402 802 540 844 nendo
566 803 772 856 proprium
803 803 983 856 corporis
1021 813 1179 844 motum
1216 815 1310 842 curn
1348 813 1463 843 motu
1501 805 1569 844 illo
1607 816 1730 857 quem
1759 804 1946 855 impulsus

401 858 505 899 solus
532 870 773 911 generaret,
812 858 1021 898 habebitur
1051 867 1184 898 motus
1213 869 1390 909 quocum
1421 870 1567 910 corpus
1595 858 1647 898 de
1678 857 1775 897 dato
1803 855 1949 909 impul-

401 912 463 954 sus
484 912 597 959 loco,
625 912 845 953 secundum
867 913 1014 953 seciam
1035 911 1231 964 positione
1252 909 1406 959 datam,
1435 911 1572 953 exibit.
1787 941 1789 943 »

459 965 582 1007 Corol.
612 982 650 1018 4.
682 966 736 1006 Et
756 967 783 1008 s1
803 980 947 1020 corpus
977 967 1070 1006 illud
1103 967 1138 1005 vi
1170 965 1299 1018 aliqua
1329 966 1575 1007 extrinsecus
1603 964 1786 1020 impreffa
1818 964 1949 1005 conti-

400 1032 484 1061 nuo
501 1020 781 1073 perturbetur,
809 1022 1033 1062 innotescet
1052 1020 1184 1061 cursus
1215 1032 1335 1072 quam
1364 1020 1570 1073 proxime,
1600 1019 1831 1074 colligendo
1859 1031 1949 1059 mu-

401 1075 572 1115 tationes
593 1088 690 1129 quas
710 1077 766 1116 vis
786 1077 849 1116 illa
868 1076 907 1116 in
930 1074 1083 1130 punctis
1105 1073 1340 1128 quibusdam
1368 1075 1548 1122 inducit,
1581 1076 1621 1114 δε
1643 1089 1695 1116 ex
1716 1074 1830 1117 seriei
1859 1086 1949 1114 ana.-

401 1129 509 1182 logia
527 1130 768 1171 mutationes
788 1131 997 1173 continuas
1017 1131 1057 1171 in
1075 1129 1172 1170 locis
1193 1129 1447 1171 intermediis
1467 1130 1722 1172 aestimandQr

1080 1269 1284 1310 Scholiumr.

455 1419 496 1461 Si
523 1431 668 1472 corpus
694 1419 736 1459 P
762 1421 802 1460 vi
821 1421 1041 1473 centripeta
1059 1419 1110 1460 ad

401 1475 593 1529 punctum
616 1473 891 1527 quodcunque
911 1474 1049 1512 datum
1069 1475 1110 1513 R

403 1529 597 1570 tendente
620 1538 827 1568 moveatur
839 1529 880 1568 in
891 1526 1109 1579 perimetro

401 1583 507 1624 datae
527 1580 798 1633 cujuscunque
825 1582 1018 1620 Sectionis
1038 1594 1110 1618 co-

402 1637 505 1678 nicae
526 1634 635 1684 cujus
655 1643 840 1673 centrum
851 1632 895 1672 fit
916 1632 965 1678 C,
993 1631 1111 1672 &re-

403 1691 585 1745 quiratur
614 1687 705 1728 Lex
740 1688 797 1728 vis
834 1685 1069 1739 centripetae
1100 1705 1110 1727 :
1189 1682 1192 1687 ’

403 1746 575 1786 ducatur
597 1742 632 1781 C
639 1742 675 1782 G
695 1741 807 1782 radio
829 1742 867 1782 R
880 1742 922 1781 P
950 1741 1113 1793 paralle-

404 1800 470 1847 la,
500 1799 539 1838 &
568 1796 688 1838 Orbis
717 1797 896 1850 tangenti
922 1795 1012 1835 PG
1046 1808 1114 1835 oc-

406 1865 570 1894 currens
599 1852 640 1892 in
669 1851 707 1890 G
718 1868 728 1897 3
763 1852 802 1891 &
836 1851 892 1891 vis
922 1851 985 1890 iu'a
1015 1852 1115 1903 (per

405 1907 605 2001 ἓιέοὶῶι
648 1905 690 1945 &
727 1905 859 1948 Schol.
898 1905 1019 1959 Prop.
1056 1918 1116 1952 x,
1164 1903 1206 1945 &
1243 1903 1383 1948 Comi,
1424 1920 1458 1956 3.
1495 1907 1618 1962 Prop.
1657 1913 1770 1964 vn.)
1801 1915 1878 1957 erit
1904 1926 1949 1959 ut

506 1975 550 2000 cu
579 1992 586 1999 .

407 2024 450 2067 R
459 2026 500 2067 P
518 2021 632 2078 quado

1699 2411 1947 2459 SECTIO
