2079 3033
389 230 393 235 ,
429 186 504 242 368
681 144 691 150 -
732 176 1221 224 PHILOSOPHIAE
1248 172 1683 221 NATURALIS.

228 282 274 313 Du
302 281 416 313 Mum„
494 267 615 309 Corolt
638 280 673 305 2.
701 264 887 318 Corpora
913 257 1089 302 universa
1117 271 1207 312 quae
1230 258 1340 305 circa
1365 258 1538 300 Terram
1566 258 1654 300 sunt
1673 287 1685 307 ‚
1720 262 1857 314 gravia}
1880 264 1969 306 sum·

226 320 414 353 sxswmu.
434 323 473 364 in
504 322 675 362 Terram
698 336 708 364 ;
749 319 788 358 δε
808 316 989 371 pondera
1022 313 1204 353 omnium
1223 342 1234 360 ‚
1272 325 1363 367 quae
1392 312 1596 365 aequaliter
1616 314 1644 352 a*
1662 326 1803 361 centro
1821 316 1965 359 Terrae

342 383 346 386 ⁴
433 376 604 419 distant,
641 371 728 412 sunt
765 381 809 411 ut
846 369 1084 424 quantitates
1112 366 1288 407 materiae
1314 367 1357 407 in
1382 367 1533 407 iisdem.
1590 366 1696 407 Haec
1723 368 1968 423 estvqualitas

434 429 614 471 omnium
636 427 678 467 in
709 425 852 479 quibus
873 423 1145 476 experimenta
1180 420 1382 462 instituere
1409 422 1502 461 licet
1520 450 1532 468 ,
1579 420 1620 460 δε
1659 432 1870 475 propterea
1896 437 1968 478 per
2010 437 2016 439 ’

433 485 540 536 Reg.
568 495 652 522 111.
688 480 740 521 de
770 478 959 520 universis
976 474 1212 518 affirmanda
1228 474 1294 514 est.
1349 475 1390 514 Si
1416 474 1565 515 AEther
1593 485 1660 515 aut
1689 489 1834 530 corpus
1862 479 1967 520 aliud

434 536 710 593 quodcunque
727 535 788 576 vel
806 533 1002 587 gravitate
1023 530 1188 570 omnino
1214 528 1495 569 destitueretur
1514 559 1525 576 ‚
1558 530 1623 569 vel
1649 542 1723 583 pro
1747 532 1968 585 quantitate

416 592 615 639 ‚materiae
633 591 712 630 suae
729 589 858 630 minus
878 586 1093 640 gravitaret
1114 597 1122 623 :
1161 583 1351 638 quoniam
1368 583 1410 623 id
1441 585 1520 634 (ex
1549 594 1685 624 mente
1714 585 1940 638 Aristotelis
1955 615 1967 634 ,

436 645 602 698 Cartefii
631 645 672 685 δε
699 645 897 690 aliorum)
926 653 1009 681 non
1044 636 1180 678 differt
1217 636 1265 676 ab
1293 637 1375 677 aliis
1403 637 1639 690 corporibus
1677 639 1747 678 nifi
1774 640 1814 679 in
1842 639 1972 681 forma

434 700 612 742 materiae
631 729 642 747 ‚
678 697 805 752 poffet
834 696 943 737 idem
964 707 1034 747 per
1053 691 1318 732 mutationem
1339 691 1480 732 formae
1506 691 1700 744 gradatim
1721 694 1970 737 transmutari

431 755 474 796 in
494 767 638 807 corpus
658 753 835 806 ejusdem
853 747 1097 790 conditionis
1116 758 1210 786 cum
1227 745 1273 785 iis
1293 757 1405 798 quae,
1433 757 1508 798 pro
1527 747 1748 798 quantitate
1773 748 1972 797 materiae,

431 822 551 864 quam
571 807 743 848 maxime
763 805 958 859 gravitant
978 831 990 848 ‚
1027 802 1067 841 δε
1094 798 1262 839 viciffim
1290 811 1461 852 corpora
1488 799 1662 839 maxime
1689 801 1820 852 gravia
1837 830 1849 847 ,
1884 801 1968 843 for-

433 876 542 904 mam
568 862 668 902 illius
699 859 893 914 gradatim
919 853 1128 896 induendo
1147 882 1159 899 ‚
1196 850 1351 905 poffent
1377 853 1612 904 gravitatem
1638 853 1745 893 suam
1772 852 1970 906 gradatim

433 917 628 958 amittere.
685 918 748 955 Ac
768 910 939 965 proinde
967 907 1146 959 pondera
1175 905 1399 958 penderent
1414 907 1440 946 'a
1457 905 1596 946 formis
1615 919 1854 960 corporum,
1883 911 1972 962 pos.

431 972 597 1024 sentque
615 982 708 1009 cum
725 965 865 1008 formis
887 962 1049 1008 variari,
1078 969 1219 1001 contra
1238 972 1357 1012 quam
1377 959 1591 1013 probatum
1611 959 1666 1000 est
1684 961 1726 1001 in
1744 960 1972 1005 Corollario

433 1026 648 1079 superlore.

489 1129 615 1170 Corol,
639 1141 671 1175 3.
692 1125 824 1180 Spatia
842 1125 976 1166 omnia
992 1136 1074 1165 non
1091 1122 1179 1163 sunt
1200 1119 1403 1174 aequaliter
1419 1120 1548 1173 plena.
1578 1119 1730 1161 Namrrfi
1746 1121 1866 1173 spatia
1885 1135 1974 1163 om-

429 1183 496 1226 nia
520 1183 723 1236 aequaliter
742 1181 856 1233 plena
873 1179 996 1219 effent
1018 1208 1030 1225 ‚
1069 1177 1237 1230 gravitas
1268 1174 1450 1228 specifica
1476 1173 1593 1214 fluidi
1620 1187 1703 1228 quo
1731 1176 1845 1228 regio
1872 1177 1973 1217 aeris

431 1238 666 1290 impleretur
686 1265 697 1282 ,
725 1235 777 1275 ob
799 1235 991 1274 summam
1011 1231 1248 1273 densitatem
1269 1229 1445 1268 materiae
1465 1257 1476 1274 ‚
1512 1228 1567 1268 nil
1595 1228 1761 1268 cederet
1788 1230 1973 1281 gravitati

428 1291 626 1345 specificae
655 1288 812 1342 argenti
839 1289 950 1334 vivi,
986 1287 1048 1326 vel
1077 1285 1191 1330 auri,
1228 1284 1293 1323 vel
1318 1282 1497 1335 corporis
1525 1282 1686 1323 alterius
1702 1282 1974 1337 cujuscunque

432 1343 669 1389 denfiffimi;
701 1343 742 1382 Bc
763 1353 975 1395 propterea
995 1353 1069 1380 nee
1090 1350 1230 1378 aurum
1250 1349 1382 1389 neque
1404 1335 1508 1376 aliud
1528 1336 1802 1390 quodcunque
1828 1350 1973 1390 corpus

431 1401 473 1440 in
504 1411 593 1438 aere
622 1395 866 1436 descendere
892 1393 1030 1448 poffet.
1089 1393 1194 1432 Nam
1226 1402 1395 1443 corpora
1426 1390 1467 1431 in
1502 1389 1638 1430 fluidis
1658 1419 1669 1437 ,
1706 1391 1774 1431 nifi
1791 1391 1991 1445 specifice

433 1452 613 1506 graviora
641 1450 713 1491 fint
734 1480 745 1498 ,
769 1450 947 1490 *minime
978 1446 1240 1489 descendunt.
1295 1443 1422 1498 Quod
1450 1442 1477 1483 fi
1505 1444 1701 1497 quantitas
1730 1445 1904 1486 materiae
1933 1446 1974 1486 in

433 1507 559 1559 spatio
578 1505 673 1545 dato
692 1517 762 1557 per
780 1503 1081 1544 rarefafflonern
1101 1511 1386 1556 quamcunque
1407 1496 1576 1540 diminui
1595 1498 1737 1553 poffir,
1754 1499 1902 1553 quidni*
1915 1500 1975 1542 di-

433 1560 558 1602 minui
577 1558 694 1614 possit
715 1560 756 1600 in
774 1557 1001 1598 infinitum?
1188 1562 1197 1583 ’ν
1965 1554 1967 1556 ’

487 1673 608 1714 Corol.
629 1686 665 1721 4.
694 1670 736 1729 Si
764 1681 904 1708 omnes
932 1667 1113 1707 omnium
1142 1676 1360 1724 corporum
1388 1663 1592 1723 particuiae
1618 1664 1754 1706 solidae
1780 1667 1854 1708 fint
1874 1667 1974 1720 ejus-

432 1728 528 1769 dem
546 1724 745 1765 denfitatis
763 1750 774 1766 ,
811 1734 944 1774 neque
969 1718 1114 1771 absque
1155 1731 1263 1771 poris
1281 1717 1457 1757 rarefieri
1475 1716 1622 1768 poffint
1642 1747 1653 1765 ‚
1690 1719 1877 1762 vacuum
1905 1722 1974 1762 da-

432 1792 510 1842 tnr.
529 1777 727 1874 §gjusdem
748 1774 948 1815 denfitatis
967 1771 1044 1813 effe
1068 1772 1183 1819 dico,
1212 1784 1381 1825 quarum
1401 1770 1503 1811 vires
1519 1772 1674 1811 inertiae
1693 1774 1780 1814 sunt
1799 1786 1842 1821 ut
1862 1788 1973 1829 mag,-

435 1845 525 1876 mtu
557 1845 654 1873 mes,

490 1928 612 1969 Corol.
633 1938 667 1975 5.
696 1923 772 1966 Vis
792 1921 992 1975 gravitatis
1022 1919 1166 1960 diverfi
1195 1920 1251 1960 est
1279 1919 1436 1973 generis
1467 1921 1489 1960 a
1518 1921 1555 1961 vi
1576 1923 1810 1974 magnetica.
1863 1924 1970 1965 Nam

434 1980 617 2024 attraffio
636 1976 860 2031 magnetica
880 1988 962 2016 non
980 1973 1036 2015 est
1054 1983 1097 2014 ut
1116 1974 1279 2015 materia
1305 1973 1481 2013 attrat‘ta.
1538 1975 1724 2028 Corpora
1742 1977 1871 2031 aliqua
1888 1991 1971 2019 ma-

435 2038 493 2090 gis
515 2035 745 2078 trahuntur,
771 2030 842 2071 alia
860 2030 1012 2076 minus,
1042 2028 1211 2080 plurima
1229 2041 1313 2069 non
1332 2027 1551 2069 trahuntur.
1590 2028 1646 2070 Et
1667 2030 1724 2070 vis
1745 2032 1970 2085 magnetica

391 2122 400 2130 .
434 2094 475 2133 in
494 2103 576 2132 uno
596 2089 636 2129 &
657 2086 803 2127 eodem
824 2096 996 2137 corpore
1023 2082 1178 2123 intendi
1198 2081 1326 2136 potest
1345 2081 1386 2121 &
1402 2083 1553 2123 remitti
1575 2112 1587 2130 ‚
1625 2083 1761 2138 estque
1783 2098 1967 2127 nonnun-
2030 2100 2034 2102 ’

434 2158 555 2199 quam
571 2144 692 2194 longe
711 2139 834 2192 major
858 2151 932 2192 pro
949 2136 1168 2190 quantitate
1190 2136 1366 2177 materiae
1385 2148 1506 2189 quam
1524 2137 1581 2177 vis
1601 2139 1800 2190 gravitatis
1818 2170 1830 2188 ,
1868 2140 1908 2180 δε
1926 2140 1967 2180 in

436 2197 630 2240 receffua
652 2194 845 2247 Magnete
864 2191 1058 2232 decrescit
1078 2191 1120 2231 in
1138 2191 1292 2231 ratione
1318 2188 1511 2230 distantiae
1540 2204 1622 2232 non
1639 2192 1840 2245 duplicata
1859 2223 1871 2242 ,
1897 2192 1966 2234 sed

437 2252 522 2294 fere
545 2250 738 2302 triplicata
758 2276 769 2294 ‚
806 2256 1000 2301 quantum
1029 2259 1080 2287 ex
1106 2244 1239 2287 craffis
1266 2244 1500 2301 quibusdam
1530 2245 1867 2290 observationibus
1886 2247 1969 2289 ani-

437 2305 689 2347 madvertere
709 2301 835 2356 potui.

1790 2422 1983 2468 PRO.
