2079 3033
409 154 761 208 PleNsslplA
781 154 1342 204 *MATHEMATICA
1568 172 1637 212 391

104 236 264 285 tertiam
306 237 513 286 Lunarem
536 267 548 286 ‚
594 239 718 293 idque
744 239 921 280 maximo
946 239 1299 292 intervallopaulo
1327 238 1413 293 post
1431 238 1633 284 Ofiantes
1654 230 1845 299 {12¹5}ss

104 290 234 336 Lunae
262 311 274 341 ;
312 294 354 333 δε
380 293 776 348 paribusvintervallis
805 293 917 334 aestus
943 293 1141 333 maximus
1169 294 1356 347 sequetur
1385 294 1530 339 horam
1550 305 1631 336 ter-

103 345 199 388 tiam
228 347 433 389 Lunarem
452 348 491 396 in
517 347 681 388 tranfitu
697 346 828 388 Lunae
855 361 876 388 a
895 347 1160 402 Quadraturis
1181 348 1231 388 ad
1258 348 1361 403 Syzy
1394 349 1458 396 ias,
1525 348 1633 390 Haec

102 401 157 453 ita
189 400 355 451 suntin
392 402 498 447 Mari
535 411 685 456 aperto.
750 402 854 443 Nam
890 402 931 442 in
961 400 1073 446 ostiis,
1095 400 1329 444 Fluviorum
1390 416 1485 445 uxus
1511 404 1635 459 majo-

101 468 163 498 res
179 456 509 511 caeteris-‘paribus
529 456 680 503 tardius
698 455 748 497 ad
768 455 892 510 daldae>
910 455 1085 504 venient.
1631 475 1633 477 ·

118 562 123 565 -
152 540 338 582 Pendent
362 550 497 583 autem
525 540 689 582 effeetus
714 541 994 582 huminarium
1011 553 1222 582 exeorum
1243 540 1432 584 distantiis
1450 556 1471 584 a
1488 543 1632 588 Terra.

98 594 144 636 In
177 594 395 636 minoribus
421 592 530 635 enim
558 593 753 634 distantiis
780 594 946 645 majores
978 595 1066 634 sunt
1093 608 1236 637 eorum
1266 594 1432 638 effeetus
1454 626 1466 645 ,
1491 601 1533 639 in
1548 613 1632 640 ma.

93 647 245 702 joribus
281 648 455 689 minores
482 675 496 697 ‚
540 646 665 701 idque
702 647 745 687 in
780 647 976 700 triplicata
1009 649 1164 690 ratione
1199 650 1490 694 diametrorum
1515 666 1632 707 appa-

98 703 285 743 rentium.
349 701 475 756 Igitur
503 700 572 742 Sol
599 710 784 753 tempore
816 700 1000 753 hyberno
1017 728 1029 747 ‚
1065 703 1105 741 in
1123 702 1308 756 Perigaeo
1328 705 1520 753 existens,
1549 721 1633 750 ma-

92 754 201 809 jores
238 755 323 797 edit
357 753 521 796 effeetus
543 783 555 802 ,
591 753 802 809 efficitque
824 763 873 795 ut
902 754 1015 794 aestus
1043 753 1084 794 in
1110 753 1290 808 Syzygiis
1315 759 1433 808 paulo
1461 760 1634 813 majores

97 809 201 857 sint,
237 809 280 850 &
314 811 355 851 in
395 808 656 863 Qadraturis
693 810 811 862 paulo
849 807 1025 862 minores
1055 810 1261 861 (caeteris
1282 809 1485 863 paribus)
1513 827 1642 867 quam,

98 873 284 918 tempore
320 863 489 910 aestivo;
533 862 574 903 δε
612 863 730 904 Luna
771 862 812 904 in
854 862 1044 916 Perigaeo·
1062 861 1224 917 ’fingulis
1241 862 1449 911 ‘mensibus
1466 867 1635 919 majores

98 918 178 958 ciet
205 917 317 958 aestus
373 930 462 958 uam
491 927 581 958 ante
608 918 670 958 vel
689 915 776 970 post
800 916 886 958 dies
908 915 1259 970 quindecim‚.ubi
1276 917 1315 957 in
1341 918 1529 973 Apogaeo
1546 935 1634 963 ver-

97 972 212 1012 satur.
279 971 343 1012 Un
377 985 399 1013 e
436 972 481 1012 fit
519 981 563 1011 ut
601 971 713 1011 aestus
749 970 833 1013 duo
867 971 1035 1011 omnino
1064 970 1229 1011 maximi
1256 971 1299 1012 in
1328 970 1507 1028 Syzygiis
1535 988 1635 1018 con-

100 1025 279 1068 tinuisse
297 1035 442 1067 mutuo
461 1038 544 1066 non
559 1025 784 1079 sequantur.
1014 1036 1017 1039 ·

150 1118 311 1166 Pendet
349 1118 469 1161 etiam
506 1117 671 1160 effeflus
704 1117 1181 1172 utriusquevLuminaris
1216 1132 1269 1161 ex
1305 1121 1422 1176 ipsius
1447 1122 1638 1165 Declina-

97 1172 207 1223 tione
237 1173 305 1214 seu
330 1171 510 1214 distantia
538 1173 852 1229 abtAEquatore.
907 1173 1013 1215 Nam
1045 1172 1074 1214 fi
1102 1174 1323 1216 Luminare
1350 1177 1391 1218 in
1419 1178 1515 1231 polo
1541 1192 1638 1219 con-

97 1226 348 1277 stitueretur,
375 1227 550 1269 traheret
576 1227 675 1270 illud
709 1228 874 1281 lingulas
900 1236 1020 1281 aquae‘
1038 1237 1169 1282 partes
1197 1229 1425 1272 constanter
1444 1261 1456 1279 ,
1491 1231 1637 1287 absque

96 1281 262 1322 aetionis
290 1282 513 1323 intenfione
548 1282 590 1322 &
613 1281 842 1323 remiflione
864 1289 881 1329 ',
919 1282 1104 1333 adeoque
1133 1284 1281 1325 nullam
1305 1295 1440 1326 motus
1457 1287 1636 1340 recipro-

95 1336 463 1376 cationem‘cieret.
517 1334 643 1388 Igitur
666 1335 898 1377 Luminaria
927 1335 1161 1376 recedendo
1179 1337 1228 1377 ab
1254 1338 1480 1392 AEquatore
1498 1342 1638 1394 polum

95 1390 231 1431 versus
248 1417 262 1437 ‚
300 1387 465 1430 effeetus
497 1389 586 1431 suos
613 1389 809 1443 gradatim
838 1389 1044 1437 amittent,
1073 1389 1114 1429 δε
1135 1402 1348 1445 propterea
1367 1394 1542 1435 minores
1561 1396 1650 1436 εἰει

97 1442 198 1484 bunt
242 1442 355 1484 aestus
400 1444 442 1485 in
479 1442 659 1498 Syzygiis
705 1442 978 1484 Solstitialibus
1025 1456 1146 1497 quam
1183 1445 1223 1485 in
1262 1446 1636 1500 AEquinoffialibus.

97 1496 149 1547 1η
181 1496 449 1551 Quadraturis
484 1509 618 1538 autem
655 1497 928 1538 solstitialibus
964 1497 1132 1550 majores
1171 1499 1336 1540 ciebunt
1372 1501 1484 1542 aestus
1516 1513 1636 1556 quam

97 1551 140 1599 in
178 1551 444 1606 Quadraturis
469 1550 855 1605 AEquinoffialibun
887 1564 937 1591 eo
996 1552 1078 1592 uod
1099 1552 1231 1593 Lunae
1253 1553 1333 1606 jam
1350 1554 1392 1595 in
1411 1555 1638 1609 AEquatore

98 1606 324 1646 constitutae
359 1604 524 1646 effeetus
562 1607 737 1646 maxime
764 1605 919 1657 superat
944 1618 967 1644 e
999 1605 1132 1645 ‘etium
1162 1605 1276 1647 Solis.
1350 1607 1536 1650 Incidunt
1563 1611 1639 1663 igi-

100 1669 164 1700 tur
197 1659 312 1700 aessus
339 1658 502 1700 maximi
529 1658 570 1698 in
602 1658 789 1712 Syzygias
820 1657 861 1698 δε
891 1658 1048 1697 minimi
1073 1659 1113 1699 in
1143 1659 1415 1712 Quadraturas
1442 1662 1638 1704 Lumina-

98 1710 203 1755 rium
223 1742 235 1761 ‚
270 1713 375 1754 circa
401 1721 583 1765 tempora
611 1711 865 1765 AEquinoffii
893 1711 1111 1764 utriusque.
1180 1712 1232 1753 Et
1259 1713 1396 1755 aestum
1419 1718 1639 1759 maximum

59 1776 62 1779 ·
99 1768 140 1808 in
173 1767 597 1821 Syzygiis-comitatur
623 1766 778 1818 semper
808 1765 995 1806 minimus
1022 1766 1063 1805 in
1091 1766 1378 1820 Quadraturis.
1415 1780 1460 1810 ut
1481 1773 1638 1823 experi-

102 1822 210 1861 entia
256 1831 511 1873 compertum
549 1818 615 1859 est.
681 1819 761 1860 Per
799 1820 999 1860 minorem
1041 1830 1175 1860 autem
1214 1821 1438 1864 distantiam
1482 1825 1583 1866 Solis
1621 1839 1643 1865 a

103 1875 234 1914 Terra
253 1902 264 1921 ‚
285 1885 485 1926 ‘tempore
514 1872 697 1924 hyberno
727 1885 845 1926 quam
875 1884 1059 1925 tempore
1088 1874 1222 1914 aestivo
1245 1905 1256 1922 ‚
1295 1876 1339 1916 fit
1359 1887 1403 1917 ut
1422 1878 1533 1919 aestus
1558 1893 1641 1920 ma-

102 1927 200 1968 ximi
246 1927 288 1971 &
333 1927 488 1967 minimi
530 1926 669 1977 saepius
701 1926 932 1979 praecedant
969 1924 1279 1980 AEquinoffium
1316 1944 1484 1973 vernum
1522 1946 1643 1987 quam

100 1981 335 2035 sequantur,
363 1980 404 2020 ὅτ
422 1979 560 2034 saepius
578 1980 792 2034 sequantur
812 1981 1039 2021 autumnale
1054 1994 1174 2037 quam
1207 1983 1450 2037 praecedant.

158 2071 346 2114 Pendent
373 2071 494 2112 etiam
523 2070 687 2114 effeetus
708 2072 988 2116 Luminarium
1008 2090 1058 2118 ex
1080 2077 1264 2118 locorum
1283 2077 1515 2119 latitudine:
1560 2077 1642 2119 De-

105 2125 231 2179 fignet
259 2126 344 2180 Ap
361 2125 403 2165 E
420 2126 462 2166 P
486 2123 695 2167 Tellurem
728 2128 840 2181 aquis
869 2130 1283 2184 profundis-undique
1313 2142 1547 2185 coopertam
1569 2150 1580 2179 ς
1609 2133 1650 2175 >C

103 2179 304 2222 Centrum
333 2179 417 2229 eius
439 2196 451 2225 ;
491 2180 563 2228 ΕΡ,
588 2189 621 2234 p
645 2182 785 2233 polos;
817 2181 910 2222 AE
927 2183 1219 2237 AEquatorerm
1250 2186 1293 2226 F
1303 2187 1437 2227 locum
1457 2188 1640 2240 quemvis

102 2245 216 2280 extra
251 2232 547 2288 AEquatorem3
582 2235 624 2274 F
625 2238 666 2289 f
686 2236 915 2289 parallelum
949 2238 1037 2279 loci,
1057 2257 1067 2285 ς
1088 2258 1090 2262 >
1115 2241 1165 2280 D
1184 2241 1214 2280 d
1241 2241 1469 2294 parallelum
1509 2241 1546 2281 ei
1581 2254 1642 2282 re-

101 2289 368 2343 spondentem
397 2301 450 2329 ex
475 2289 593 2329 altera
621 2301 730 2341 parte
751 2289 1007 2343 AEquatoris;
1047 2293 1093 2332 L'
1116 2295 1251 2335 locum
1279 2308 1402 2349 quem
1432 2294 1548 2335 Luna
1574 2294 1643 2332 tri-

101 2343 174 2387 bus
209 2353 302 2397 ante
330 2342 440 2386 horis
467 2343 684 2398 occupabat
705 2361 722 2393 ·,
756 2344 808 2386 H
837 2345 974 2390 locum
998 2345 1174 2391 Telluris
1200 2349 1236 2390 ei
1262 2347 1645 2442 Ρειερεῃῗὶἱιῃέἰῑει·

1446 2414 1467 2442 u
1495 2413 1531 2453 je
1576 2412 1644 2444 um
