2079 3033
424 162 497 212 358
739 149 1230 196 PHILOSOPHIAE
1286 145 1696 194 NATURALIS

217 251 266 280 DE
293 249 408 279 Mum
426 254 471 282 ea
491 240 654 293 simplex
680 236 757 279 effe
783 237 904 279 soleat
940 236 982 277 &
1008 235 1078 277 fibi
1102 234 1257 290 semper
1283 235 1468 276 consona.
1525 233 1716 275 Extenfio
1744 248 1962 291 corporum

218 290 511 337 S“⁵‘'”Mffl‘ss’1ion
530 293 597 336 nili
625 306 697 347 per
716 292 848 333 sensus
877 290 1119 338 innotescit,
1160 303 1236 331 nec
1265 290 1305 331 in
1335 291 1519 331 omnibus
1548 288 1740 330 sentitur:
1778 291 1842 332 sed
1873 294 1965 346 quia

429 348 668 392 sensibilibus
704 347 890 388 omnibus
925 345 1151 400 competit,
1194 344 1246 386 de
1282 344 1470 386 univerfis
1498 342 1745 391 affirmatur,
1782 345 1966 400 Corpora

429 406 540 459 plura
559 402 656 455 dura
684 401 762 443 esse
800 400 1041 455 experimur.
1099 398 1242 441 Oritur
1269 409 1402 440 autem
1430 399 1595 439 durities
1624 395 1746 438 totius
1773 412 1794 438 a
1823 399 1969 442 duritie

430 459 622 514 partium,
655 456 809 498 &inde
828 469 909 498 non
928 456 1075 497 horum
1100 464 1254 496 tantum
1280 467 1498 507 corporum
1525 465 1615 508 quae
1635 452 1876 502 sentiuntur,
1904 454 1971 497 sed

432 514 601 554 aliorum
627 512 749 553 etiam
774 511 958 552 omnium
986 510 1195 563 particulas
1231 506 1413 551 iridivisas
1452 506 1529 549 effe
1557 508 1673 547 duras
1701 508 1852 548 merito
1875 514 1972 549 conl-

433 567 643 609 cludimus.
700 566 886 621 Corpora
911 564 1045 606 omnia
1063 563 1376 619 impenetrabilia
1404 564 1481 604 ess'e
1502 576 1582 613 non
1603 563 1757 603 ratione
1776 562 1844 603 sed
1865 563 1974 605 sensu

435 621 671 675 colligimus.
729 622 835 674 Quae
863 619 1073 662 emeramus
1094 651 1103 666 ,
1149 619 1461 672 impenetrabilia
1486 618 1773 664 inveniuntur,
1813 619 1853 657 &
1881 618 1976 658 inde

433 676 713 718 concludimus
733 676 1152 729 impenetrabilitatem
1177 674 1253 715 ess'e
1274 673 1560 727 proprietatem
1580 685 1797 725 corporum
1816 672 1977 713 univer-

433 732 581 772 sorum.
639 731 825 786 Corpora
850 730 984 772 omnia
1009 729 1170 770 mobilia
1194 728 1272 768 ess'e
1290 756 1301 774 ‚
1347 729 1388 768 &
1416 727 1562 766 viribus
1591 726 1824 780 quibuldam
1856 728 1977 780 (quas

435 787 539 827 vires
574 787 730 827 inertiae
757 785 971 835 vocamus)
1012 784 1262 837 perseverare
1288 783 1329 823 in
1358 791 1473 823 motu
1499 781 1568 820 vel
1593 781 1729 833 quiete
1745 810 1757 827 ‚
1793 794 1846 820 ex
1870 781 1977 821 hisce

436 853 657 893 corporum
684 840 858 880 visorum
887 837 1198 891 proprietatibus
1224 835 1472 888 colligimus.'
1517 832 1710 874 Exterisio
1732 866 1741 879 ,
1781 834 1946 874 durities
1965 864 1977 881 ‚

436 894 788 946 impenetrabilitas
807 923 819 941 ‚
855 890 1052 933 mobilitas
1084 892 1125 930 δε
1154 890 1212 929 vis
1240 889 1397 931 inertiae
1422 888 1546 929 totius
1563 918 1574 935 ‚
1615 889 1744 929 oritur
1767 888 1814 928 ab
1835 898 1976 929 exten-

436 948 546 990 sione
576 978 587 997 ‚
637 948 785 990 duritie
806 979 815 992 ,
861 944 1268 998 impenetrabilitate‚
1318 943 1538 986 mobilitate
1567 942 1608 983 δε
1642 942 1789 983 viribus
1825 943 1980 983 inertiae

437 1005 644 1057 partium;
684 1000 849 1041 &inde
887 1000 1166 1041 concludimus
1194 1011 1335 1039 omnes
1373 999 1556 1039 omnium
1594 1010 1813 1050 corporum
1851 1008 1982 1051 partes

437 1059 620 1099 minimas
637 1054 863 1096 extendi&
881 1053 1000 1095 duras
1029 1053 1108 1096 effe
1139 1052 1182 1093 δε
1209 1052 1530 1106 impenetrabiles
1558 1051 1600 1094 «Sc
1628 1051 1795 1092 mobiles
1822 1051 1861 1091 <Sc
1887 1053 1979 1092 viri-

436 1111 510 1151 bus
531 1111 685 1151 inertiae
704 1107 902 1163 praeditas.
958 1108 1013 1149 Et
1042 1108 1122 1149 hoc
1141 1107 1196 1148 est
1221 1107 1528 1148 fundamentum
1556 1106 1821 1159 Philosophiae
1842 1106 1977 1147 totius.

436 1165 568 1205 Porro
586 1176 804 1218 corporum
831 1171 964 1218 partes
990 1162 1131 1203 divisas
1160 1162 1201 1203 δε
1232 1161 1302 1202 fibi
1330 1171 1474 1202 mutuo
1501 1160 1710 1214 contiguas
1738 1159 1786 1200 ab
1804 1160 1978 1201 invicem

437 1220 605 1272 separari
641 1218 777 1272 poffe,
813 1230 865 1258 ex
899 1216 1180 1259 Phaenomenis
1217 1215 1435 1264 novimus,
1473 1215 1514 1255 &
1551 1225 1681 1268 partes
1719 1214 1908 1254 indivisas
1937 1215 1980 1255 in

437 1283 568 1327 partes
596 1274 770 1313 minores
803 1273 960 1312 ratione
988 1270 1174 1324 distingui
1202 1269 1312 1324 poffe
1337 1283 1390 1311 ex
1425 1269 1713 1310 Mathematica
1734 1278 1891 1309 certum
1911 1268 1980 1309 est.

440 1327 588 1368 Utrum
618 1340 715 1367 vero
743 1335 874 1379 partes
902 1326 978 1366 illae
1008 1324 1200 1366 distinfiae
1228 1324 1271 1364 &
1299 1324 1483 1365 nondum
1512 1323 1646 1364 divisae
1672 1336 1743 1376 per
1772 1322 1879 1362 vires
1897 1322 1979 1363 Na-

440 1391 541 1422 turae
560 1380 745 1422 dividi&
773 1380 821 1420 ab
849 1380 1023 1421 invicem
1058 1378 1225 1434 separari
1250 1377 1418 1432 poffint,
1445 1378 1644 1419 incertum
1665 1376 1732 1418 est.
1788 1377 1845 1416 At
1865 1375 1893 1417 fi
1911 1377 1976 1417 vel

439 1437 562 1476 unico
585 1435 781 1476 constaret
810 1435 1094 1489 experimento
1121 1432 1232 1489 quod
1260 1433 1452 1487 particula
1479 1433 1611 1487 aliqua
1643 1431 1836 1478 indivisa,
1873 1430 1981 1471 fran-

438 1489 574 1543 gendo
592 1502 737 1542 corpus
757 1488 905 1530 durum
926 1488 966 1529 ἃς
987 1488 1157 1530 solidum
1174 1517 1186 1536 ,
1226 1487 1463 1529 divisionem
1487 1496 1690 1542 pateretur
1712 1499 1720 1526 :
1759 1485 1979 1526 conclude-

439 1557 571 1584 remus
590 1545 628 1585 vi
649 1543 761 1595 hujus
779 1543 950 1597 Regulae
970 1572 981 1590 ,
1016 1543 1127 1597 quod
1154 1555 1239 1584 non
1269 1543 1398 1584 solum,
1423 1552 1553 1595 partes
1580 1541 1714 1582 divisae
1747 1539 1979 1594 separabiles

438 1598 583 1645 essent,
610 1598 678 1639 sed
697 1598 817 1638 etiam
837 1598 947 1650 quod
966 1598 1144 1638 indivisae
1164 1597 1206 1636 in
1223 1596 1424 1637 infinitum
1444 1595 1571 1636 dividi
1589 1594 1757 1647 poss'ent.

492 1652 684 1705 Denique
701 1651 729 1691 fi
755 1663 927 1703 corpora
945 1651 1079 1691 omnia
1098 1652 1139 1689 in
1168 1649 1336 1689 circuitu
1362 1648 1506 1687 Terrae
1535 1648 1667 1700 gravia
1695 1646 1773 1687 ess'e
1801 1646 1843 1687 in
1871 1644 1980 1687 Ter·
2004 1697 2007 1698 ⁷

438 1719 544 1753 ram,
572 1706 696 1757 idque
715 1717 789 1757 pro
810 1704 1032 1758 quantitate
1059 1702 1236 1757 materiae
1264 1702 1306 1742 in
1334 1701 1492 1755 singulis
1511 1730 1523 1748 ‚
1559 1700 1601 1743 δε
1625 1700 1786 1741 Lunam
1813 1712 1978 1754 gravem

439 1760 517 1801 effe
545 1760 586 1799 in
611 1758 785 1799 Terram
805 1770 879 1810 pro
899 1756 1120 1811 quantitate
1149 1755 1430 1796 materiae-suae
1448 1783 1461 1802 ,
1496 1756 1538 1796 &
1566 1754 1735 1795 vicissim
1761 1767 1871 1797 mare
1887 1754 1978 1796 nos-

441 1825 548 1854 trum
570 1825 689 1866 grave
708 1812 786 1853 effe
805 1813 846 1852 in
865 1811 1026 1851 Lunam
1045 1840 1056 1859 ,
1098 1810 1140 1851 δε
1158 1810 1339 1851 Planetas
1366 1821 1507 1850 omnes
1523 1821 1662 1862 graves
1679 1807 1756 1849 effe
1773 1809 1814 1848 in
1831 1808 1870 1849 se
1890 1819 1980 1850 mu-

440 1877 534 1914 tuo,
564 1869 605 1907 &
625 1866 890 1907 Cometarum
906 1864 1073 1906 fimilem
1091 1863 1169 1905 esse
1189 1863 1423 1917 gravitatem
1435 1892 1446 1910 ,
1463 1874 1534 1916 per
1552 1862 1828 1916 experimenta
1847 1861 1889 1903 δι
1906 1862 1983 1904 ob-

439 1922 681 1963 servationes
701 1919 1001 1961 Astronomicas
1026 1918 1297 1962 universaliter
1325 1917 1479 1961 constet
1501 1931 1509 1958 :
1548 1916 1771 1958 dicendum
1804 1917 1881 1957 erit
1907 1929 1979 1970 per

442 1976 543 2017 hanc
562 1974 761 2029 Regulam
780 1973 894 2029 quod
910 1986 1082 2028 corpora
1107 1973 1242 2015 omnia
1266 1972 1309 2013 in
1327 1972 1364 2014 se
1383 1980 1526 2013 mutuo
1543 1971 1751 2025 gravitant⁴
1804 1970 1910 2012 Nam
1937 1970 1982 2012 &

442 2030 585 2071 fortius
614 2029 690 2070 erit
725 2037 1006 2083 argumentum
1033 2041 1085 2069 ex
1104 2026 1404 2068 ‘Phaenomenis
1432 2025 1484 2067 de
1514 2026 1707 2080 gravitate
1744 2024 1980 2073 universali,

441 2097 561 2137 quam
582 2083 634 2125 de
654 2096 873 2137 corporum
892 2082 1295 2136 impenetrabilitate:
1335 2080 1388 2122 de
1412 2093 1491 2134 qua
1510 2081 1652 2134 utique
1676 2080 1719 2122 in
1744 2079 1980 2134 corporibus

443 2138 686 2232 {Joeleffibus
704 2138 858 2181 nullum
874 2137 1197 2192 experimentum
1208 2165 1219 2185 ,
1236 2136 1381 2179 nullam
1400 2135 1558 2189 prorsus
1575 2134 1901 2177 observationem
1913 2133 1982 2175 ha-

474 2204 595 2235 emus,

1636 2401 1981 2446 PHAENO-
