2079 3033
382 177 384 179 μ
421 142 767 194 PRINCIPIA
813 113 1364 187 MATHEMA'i'IGA.
1581 160 1655 200 443

123 228 177 274 de
204 235 321 269 motu
348 225 418 267 suo
447 235 690 281 apparente,
736 226 921 280 adeoque
948 225 1195 281 praeterierat
1223 225 1449 281 Perigaeum
1471 244 1481 273 ;
1522 222 1662 280 Splen-
1683 236 1822 281 Lirim

119 282 202 324 dor
222 294 319 322 vero
348 281 769 333 capitis'nihilominus
796 281 925 330 indies
954 280 1179 335 crescebat,
1208 282 1332 336 usque
1361 282 1460 329 dum
1485 280 1661 331 Cometa
1675 278 1870 318 Tammq:

124 337 244 378 radiis
283 335 481 377 Solaribus
527 334 709 376 obtenus
757 335 869 376 desiit
906 348 1107 389 apparere.
1173 335 1348 378 Cometa
1383 335 1493 377 Anni
1534 336 1663 385 1683,

125 391 358 431 observante
384 389 531 430 eodem
560 390 750 438 Heveli0‚
787 390 829 430 in
855 390 935 430 fine
960 389 1111 430 Mensis
1130 389 1241 441 Julii
1267 391 1334 431 ubi
1362 392 1536 444 primum
1562 404 1662 432 con-

125 445 278 499 speRus
302 444 359 485 est
378 477 387 490 ‚
425 443 642 485 tardissime
672 444 932 492 movebatur,
960 444 1113 485 minuta
1140 445 1267 499 prima
1295 459 1347 496 40
1374 445 1440 487 vel
1469 458 1519 496 45
1546 445 1662 487 circi-

126 509 186 540 ter
213 499 370 552 fingulis
397 497 536 538 diebus
562 499 601 538 in
631 498 742 539 Orbe
771 499 840 539 suo
868 498 1097 539 conficiens.
1154 498 1219 539 Ex
1247 513 1297 540 eo
1317 510 1501 553 tempore
1528 510 1662 540 motus

125 553 208 606 ejus
244 553 409 598 diurnus
449 562 646 605 perpetuo
674 553 892 605 augebatur
922 553 1045 607 usque
1074 552 1122 593 ad
1153 553 1259 607 Sept.
1288 569 1324 605 4.
1352 553 1515 606 quando
1546 554 1666 595 evasit

124 607 322 661 graduum
368 605 474 657 quafi
513 605 703 657 quinque.
775 606 901 657 Igitur
937 616 1028 647 toto
1061 607 1140 648 hoc
1179 617 1363 662 tempore
1400 608 1577 650 Cometa
1613 609 1665 649 ad

122 662 295 706 Terram
340 659 698 712 appropinquabat.
772 658 816 699 Id
862 660 974 712 quod
1018 661 1137 710 etiam
1187 675 1237 703 ex
1284 663 1486 704 diametro
1523 663 1662 716 capitis

123 715 398 759 Micrometro
434 713 656 765 mensurata
692 711 922 765 colligitur:
960 713 1110 767 quippe
1140 728 1260 767 quam
1288 717 1485 756 Hevelius
1511 718 1663 771 reperit

121 769 225 824 Aug.
254 771 289 808 6.
326 765 404 811 effe
440 776 595 807 tantum
627 767 671 806 6‘.
701 767 753 816 5‘'.
792 766 937 807 inclusa
970 780 1116 815 coma,
1154 779 1193 808 at
1220 768 1326 821 Sept.
1355 785 1392 809 2.
1422 770 1499 810 effe
1528 773 1573 822 9‘.
1605 773 1662 821 7“.

117 824 252 876 Caput
279 820 401 873 igitur
429 821 546 862 initio
574 821 694 874 longe
721 821 852 862 minus
879 821 1057 876 apparuit
1086 834 1208 876 quam
1235 822 1278 862 in
1305 823 1384 863 fine
1413 835 1546 865 motus
1566 851 1577 869 ‚
1623 836 1663 866 at

116 877 234 923 initio
277 887 411 918 tamen
457 876 498 916 in
539 875 684 916 vicinia
720 875 820 916 Solis
858 876 978 928 longe
1015 875 1187 917 lucidius
1226 877 1361 917 extitit
1397 890 1517 931 quam
1557 879 1663 919 circa

120 931 265 979 finem,
294 939 338 975 ut
367 929 491 970 refert
519 929 630 970 idem
657 929 864 970 Hevelius.
921 929 1102 971 Proinde
1131 940 1222 971 toto
1251 931 1331 971 hoc
1359 941 1570 984 tempore,
1608 933 1662 973 ob

121 984 315 1031 recessum
343 984 459 1035 ipsius
486 998 509 1024 a
535 984 628 1024 Sole
646 1013 658 1032 ,
696 984 832 1038 quoad
859 985 995 1026 lumen
1020 984 1234 1034 decrevit,
1281 999 1365 1026 non
1392 986 1570 1027 obstante
1599 1000 1665 1027 ac-

122 1039 228 1086 ceffu
256 1039 306 1081 ad
333 1037 518 1080 Terram.
582 1037 757 1079 Cometa
782 1039 893 1079 Anni
923 1039 1017 1079 1618
1049 1039 1154 1079 circa
1181 1040 1362 1081 medium
1392 1040 1544 1081 Mensis
1573 1042 1665 1081 De-

120 1094 305 1139 cembris,
333 1091 374 1131 &
403 1091 473 1132 iste
501 1092 612 1132 Anni
644 1092 746 1133 1680
774 1092 880 1133 circa
906 1093 1027 1134 finem
1054 1092 1230 1145 ejusdem
1251 1094 1423 1141 Mensis,
1453 1095 1662 1135 celerrime

119 1146 417 1194 movebantur,
455 1145 641 1200 adeoque
677 1156 775 1187 tunc
812 1158 924 1188 erant
958 1148 999 1188 in
1028 1147 1229 1200 Perigaeis.
1287 1148 1445 1189 Verum
1473 1149 1664 1200 splendor

119 1201 315 1251 maximus
352 1199 530 1253 capitum
566 1201 738 1254 contigit
770 1212 862 1243 ante
891 1201 988 1243 duas
1017 1202 1102 1242 fere
1131 1203 1363 1256 septimanas
1382 1231 1393 1249 ‚
1438 1202 1506 1243 ubi
1535 1203 1664 1243 modo

119 1257 300 1305 exierant
345 1254 398 1294 de
441 1255 561 1296 radiis
600 1255 836 1302 *Solaribu83
895 1256 938 1296 δε
981 1256 1171 1310 splendor
1214 1258 1409 1298 maximus
1445 1256 1665 1298 caudarum

121 1311 242 1363 paulo
278 1317 398 1354 ante,
436 1308 477 1348 in
512 1309 662 1360 majore
699 1309 904 1350 vicinitate
932 1310 1045 1351 Solis.
1110 1310 1245 1364 Caput
1274 1312 1461 1353 Cometae
1490 1311 1662 1363 prioris,

115 1365 232 1416 juxta
260 1362 555 1403 observationes
585 1363 737 1416 Cystzti,
773 1363 959 1405 Decemb.
989 1378 1020 1403 1.
1050 1364 1174 1416 majus
1204 1365 1414 1406 videbatur
1444 1365 1558 1404 stellis
1584 1366 1667 1417 pri-

122 1431 201 1466 mae
222 1415 529 1470 magnitudinis,
560 1417 602 1457 δε
628 1418 814 1458 Decemb.
835 1421 894 1458 16.
926 1418 1027 1470 (jam
1052 1418 1092 1458 in
1121 1418 1304 1471 Perigaeo
1332 1418 1526 1466 existens)
1555 1431 1664 1471 mag-

74 1499 75 1504 =
122 1471 308 1522 nitudine
346 1483 515 1524 parum,
559 1471 771 1524 splendore
806 1472 872 1513 seu
909 1472 1087 1513 claritate
1114 1472 1273 1513 luminis
1307 1473 1523 1525 plurimum
1552 1471 1666 1512 defe-

125 1535 246 1574 cerat.
304 1525 401 1577 Jan.
430 1538 465 1573 7.
490 1525 686 1579 Keplerus
711 1526 763 1566 de
789 1526 920 1580 capite
943 1526 1117 1567 incertus
1145 1526 1266 1567 finem
1294 1526 1390 1567 fecit
1415 1525 1663 1568 observandi.

121 1580 202 1621 Die
241 1593 286 1618 12
323 1578 466 1620 menfis
504 1580 690 1620 Decemb.
728 1579 986 1634 conspestum
1022 1581 1063 1620 δε
1094 1594 1116 1620 a
1145 1580 1374 1633 Flamstedio
1409 1580 1663 1621 observatum

122 1634 180 1675 est
205 1643 324 1687 caput
351 1633 538 1673 Cometae
569 1633 819 1685 posterioris.
851 1635 891 1674 in
914 1634 1094 1674 distantia
1120 1647 1268 1675 novem
1288 1634 1484 1687 graduum
1505 1648 1525 1674 a
1544 1634 1660 1680 Sole;

123 1688 166 1729 id
194 1688 307 1742 quod
334 1687 452 1728 stellae
479 1686 609 1727 tertiae
637 1687 921 1740 magnitudinis
948 1688 1016 1728 vix
1041 1687 1270 1728 conceffum
1295 1687 1437 1728 fuisset.
1477 1688 1664 1730 Decemb.

126 1755 173 1792 15
203 1742 244 1782 δε
276 1755 324 1790 17
352 1741 532 1795 apparuit
559 1741 671 1782 idem
698 1752 742 1782 ut
769 1740 875 1783 stella
904 1742 1034 1782 tertiae
1062 1741 1348 1795 magnitudinis
1365 1770 1377 1789 ‚
1417 1742 1663 1784 diminutum

123 1796 266 1849 utique
303 1795 514 1847 splendore
541 1795 721 1836 Nubium
752 1796 865 1847 juxta
891 1795 1027 1835 Solem
1054 1796 1324 1837 occidentem.
1380 1796 1566 1837 Decemb.
1600 1799 1664 1837 26.

124 1848 368 1891 velociflime
394 1858 553 1895 motuS‚
580 1850 704 1901 inque
732 1849 916 1901 Perigaeo
941 1850 1239 1902 propemodum
1268 1850 1436 1891 existens
1453 1880 1466 1897 ‚
1494 1849 1666 1891 cedebat

126 1903 187 1944 ori
215 1902 367 1955 Pegasi,
401 1901 534 1942 Stellae
563 1904 695 1942 tertiae
721 1902 1019 1956 magnitudinis.
1046 1905 1138 1950 Jan.
1165 1918 1200 1952 3.
1232 1905 1443 1958 apparebat
1472 1914 1515 1944 ut
1545 1904 1665 1945 Stella

126 1966 304 2012 quartae,
340 1960 431 2004 Jan.
462 1970 497 2007 9.
528 1966 572 1996 ut
599 1956 717 1997 Stella
745 1958 919 2010 quintae,
956 1958 1046 2003 Jan.
1076 1971 1140 2006 13.
1168 1958 1221 1999 ob
1251 1958 1505 2012 splendorem
1533 1957 1665 1998 Lunae

128 2010 343 2052 crescentis
388 2010 589 2063 disparuit.
654 2013 745 2057 Jan.
781 2024 844 2059 25.
882 2010 951 2051 vix
994 2012 1174 2064 aequabat
1209 2013 1349 2053 Stellas
1384 2011 1668 2065 magnitudinis

129 2065 319 2118 septimae.
378 2063 418 2103 Si
446 2065 645 2105 sumantur
673 2065 836 2118 aequalia
864 2078 886 2104 a
911 2064 1093 2118 Perigaeo
1121 2066 1214 2107 hinc
1243 2067 1337 2107 inde
1366 2076 1573 2119 tempora,
1603 2078 1668 2105 ca-

131 2120 212 2173 pita
259 2131 349 2171 quae
395 2119 641 2170 temporibus
686 2119 759 2159 illis
795 2119 835 2159 in
872 2119 1097 2173 longinquis
1137 2121 1366 2175 regionibus
1403 2120 1556 2173 posita,
1612 2118 1665 2159 ob
1736 2117 1741 2120 ’

132 2174 301 2225 aequales
331 2186 352 2212 a
378 2171 509 2212 Terra
536 2172 733 2214 distantias
752 2203 763 2221 ‚
800 2172 1004 2226 aequaliter
1031 2175 1166 2215 lucere
1196 2174 1418 2215 debuissent
1437 2204 1448 2221 ,
1483 2174 1525 2214 in
1551 2174 1664 2228 plaga

133 2227 234 2267 Solis
261 2227 435 2267 maxime
463 2227 698 2279 splenduere
717 2257 728 2274 ,
763 2241 814 2267 ex
842 2227 962 2267 altera
992 2228 1159 2282 Perigaei
1186 2239 1298 2282 parte
1325 2242 1535 2269 evanuere.
1590 2227 1666 2278 Igi-

76 2285 80 2288 ’
133 2291 197 2321 tur
225 2294 277 2321 ex
303 2293 442 2334 magna
470 2281 568 2321 lucis
594 2282 634 2322 in
667 2292 839 2336 utroque
869 2280 941 2321 fitu
968 2281 1214 2330 differentia,
1242 2283 1498 2324 concluditur
1526 2292 1668 2332 magna

134 2334 235 2377 Solis
272 2336 312 2377 δε
348 2335 535 2376 Cometae
570 2335 748 2378 vicinitas
788 2337 829 2377 in
847 2335 943 2430 Kssffl
977 2336 1120 2387 priore.
1175 2338 1280 2378 Nam
1308 2338 1376 2379 lux
1404 2336 1669 2427 Cometarlum

907 2402 919 2409 Υ
941 2401 958 2429 ζ
987 2404 1010 2439 a
1491 2400 1589 2441 regu
1605 2399 1681 2428 aris
