2079 3033
432 172 507 210 166
745 156 1237 208 PHILOSOPHIAE
1292 159 1694 204 NATURALIS

236 267 285 296 DE
305 268 402 296 Moru
436 253 697 295 revolutionis
731 263 853 305 quam
887 251 1085 304 proxime.
1141 249 1447 302 Conjungantur
1482 248 1543 287 hae
1581 246 1753 287 rationes
1791 263 1882 291 cum
1912 265 1972 293 ra‹

236 305 424 336 Corporum.
440 310 612 350 tionibus
641 306 854 347 Corollarii
889 319 936 357 14
954 334 966 353 ‚
1003 305 1044 346 &
1065 305 1106 346 in
1123 304 1305 360 quolibet
1323 315 1541 357 corporum
1560 299 1613 348 T,
1644 301 1707 350 P,
1735 303 1763 343 S
1780 303 1970 356 Syssema-

442 375 482 405 te
503 394 513 411 ‚
559 363 626 403 ubi
663 361 705 400 P
735 360 889 401 circum
917 362 952 400 Y
986 359 1055 401 sibi
1090 359 1360 413 propinquum
1387 387 1399 405 ‚
1444 357 1485 397 &
1521 355 1561 396 T
1582 356 1734 397 circum
1759 357 1790 397 S
1815 359 1972 413 longin-

437 431 561 473 quum
592 415 810 457 revolvitur
828 444 841 463 ,
879 428 1036 456 errores
1064 414 1268 468 angulares
1297 412 1477 465 corporis
1507 412 1570 458 P,
1598 409 1650 450 de
1679 422 1822 452 centro
1846 413 1972 469 Tap-

435 480 617 525 parentes
646 499 657 518 ‚
696 479 813 510 erunt
841 499 853 516 ,
898 470 940 510 in
968 468 1125 522 fingulis
1151 466 1467 509 revolutionibus
1488 465 1668 517 corporis
1699 465 1800 506 illius
1830 466 1895 514 P,
1925 479 1970 510 ut

433 525 671 579 quadratum
709 524 903 576 temporis
941 523 1139 577 periodici
1176 521 1356 575 corporis
1385 521 1427 561 P
1464 520 1614 561 directe
1652 519 1694 559 δε
1732 519 1972 574 quadratum

433 579 630 633 temporis
672 578 870 633 periodici
908 580 1090 631 corporis
1134 577 1174 618 T
1202 575 1367 618 inverse.
1425 574 1478 615 Et
1515 575 1610 615 inde
1647 585 1783 616 motus
1819 576 1975 617 medius

431 635 559 687 Augis
591 634 666 674 erit
694 633 736 674 in
763 633 855 673 data
884 633 1038 673 ratione
1062 632 1113 673 ad
1140 641 1296 673 motum
1323 629 1502 670 medium
1537 628 1785 676 Nodorum;
1817 630 1859 671 δε
1888 643 1977 671 mo-

434 700 495 729 tus
526 699 697 742 uterque
723 688 799 728 erit
829 696 873 727 ut
907 696 1065 740 tempus
1091 685 1347 740 periodicum
1375 684 1556 737 corporis
1576 684 1618 723 P
1644 683 1797 728 direfie
1819 685 1860 725 &
1880 698 1978 739 qua-

432 743 594 783 dratum
620 742 813 795 temporis
842 741 1042 794 periodici
1070 741 1251 794 corporis
1278 738 1501 779 Tinverse.
1560 738 1766 790 Augendo
1801 739 1863 779 vel
1902 739 1977 780 mi-

432 796 598 838 nuendo
627 795 990 837 Excentricitatem
1026 795 1068 835 &
1097 794 1400 835 inclinationem
1428 791 1548 832 Orbis
1584 791 1730 831 PAB
1764 806 1847 833 non
1891 806 1979 833 rnu-

434 861 567 912 tantur
600 860 734 891 motus
764 850 891 902 Augis
921 850 959 890 δε
993 849 1210 890 Nodorum
1229 846 1490 893 sensibiliter,
1520 845 1593 885 nisi
1609 845 1676 885 ubi
1702 847 1861 886 eaedem
1889 847 1977 887 sunt

436 906 555 947 nimis
586 918 755 958 magnae.

491 960 615 1000 Corol.
649 973 706 1007 17.
740 958 872 998 —Cum
901 968 1037 999 autem
1066 957 1169 998 linea
1197 954 1310 994 LM
1330 965 1437 994 nunc
1470 953 1597 1005 major
1619 953 1680 994 *sit
1713 966 1820 994 nunc
1849 954 1981 995 minor

438 1027 557 1069 quam
596 1013 727 1054 radius
764 1011 879 1060 PT,
908 1022 1133 1066 exponatur
1167 1011 1229 1051 vis
1266 1008 1482 1050 mediocris
1519 1008 1629 1048 LM
1658 1021 1729 1062 per
1754 1008 1910 1050 radium
1937 1009 1984 1050 il-

436 1070 519 1109 lum
538 1067 640 1108 PT:
663 1067 886 1108 &erithaec
898 1067 946 1108 ad
1702 1079 1703 1082 ¹
1741 1078 1742 1082 ¹

436 1124 517 1163 vim
531 1122 779 1163 mediocrem
794 1121 826 1161 S
832 1122 872 1162 K
885 1122 947 1162 vel

437 1177 470 1217 S
479 1177 526 1216 N
543 1179 680 1230 (quarn
691 1189 894 1230 exponere
904 1176 947 1216 li-

434 1241 501 1272 cet
527 1244 599 1285 per
624 1230 720 1281 ST)
749 1240 794 1271 ut
821 1230 947 1283 longi-

437 1286 541 1327 tudo
561 1284 712 1326 PTad
731 1284 949 1339 longitudi-

421 1352 533 1388 nem
555 1338 635 1381 ST.
660 1337 730 1379 Est
746 1350 880 1380 autem
891 1338 948 1379 vis

437 1394 654 1435 mediocris
676 1392 767 1434 SN
778 1394 842 1434 vel
859 1393 948 1439 ST,

421 1441 516 1501 'qua
534 1461 679 1500 corpus
706 1447 949 1487 Tretinetur

419 1498 479 1553 {in
506 1500 617 1541 Orbe
645 1500 716 1541 suo
747 1500 899 1541 circum
921 1499 953 1537 S

434 1556 486 1596 ad
516 1556 598 1596 vim
627 1567 705 1609 qua
734 1567 879 1607 corpus
905 1554 948 1593 P

437 1609 635 1650 retinetur
661 1609 704 1648 in
733 1608 845 1648 Orbe
874 1608 943 1647 suo
972 1607 1124 1646 circum
1152 1606 1220 1652 T,
1249 1607 1291 1646 in
1312 1608 1469 1647 ratione
1510 1610 1730 1660 composita
1753 1622 1806 1649 ex
1828 1609 1984 1651 ratione

421 1663 539 1725 fradii
565 1660 647 1702 ST
668 1660 719 1701 ad
744 1660 899 1702 radium
930 1659 1022 1699 PT
1040 1688 1050 1704 ,
1089 1660 1130 1698 &
1160 1658 1316 1698 ratione
1341 1660 1539 1711 duplicata
1564 1662 1758 1713 temporis
1786 1664 1983 1715 periodici

422 1717 621 1771 *corporis
659 1715 702 1754 P
739 1714 893 1755 circum
922 1712 962 1754 T
983 1713 1033 1753 ad
1064 1722 1221 1766 tempus
1249 1712 1503 1766 periodicum
1522 1715 1702 1767 corporis
1720 1715 1760 1755 T
1770 1717 1921 1757 circum
1942 1718 1981 1759 S.
2026 1717 2028 1725 '

440 1771 496 1812 Et
524 1784 576 1811 ex
602 1782 742 1824 aequo,
771 1769 828 1808 vis
854 1767 1070 1809 mediocris
1089 1765 1215 1812 LM,
1245 1766 1295 1807 ad
1322 1766 1404 1807 vim
1434 1779 1512 1821 qua
1542 1781 1687 1821 corpus
1715 1770 1757 1809 P
1782 1771 1982 1814 retinetur

441 1826 482 1866 in
505 1824 617 1866 Orbe
636 1825 707 1864 suo
735 1823 887 1864 circum
910 1823 948 1862 T
968 1824 1125 1875 (quave
1142 1833 1286 1874 corpus
1312 1820 1420 1860 idem
1441 1822 1503 1868 P,
1532 1822 1678 1863 eodem
1701 1833 1885 1877 tempore
1912 1839 1984 1879 pe-

442 1879 600 1920 riodico
618 1907 630 1925 ,
675 1878 827 1917 circum
856 1876 1048 1929 punctum
1072 1874 1245 1929 quodvis
1271 1874 1477 1916 immobile
1511 1876 1548 1915 Y
1570 1877 1620 1917 ad
1652 1876 1873 1919 distantiam
1899 1880 1991 1922 PT

441 1933 592 1975 revolvi
612 1931 766 1984 poss'et)
788 1930 900 1971 estin
926 1930 1082 1970 ratione
1109 1928 1171 1969 illa
1191 1929 1388 1981 duplicata
1416 1929 1718 1983 periodicorum
1739 1941 1981 1986 temporum,

437 1987 552 2028 Datis
572 1987 693 2040 igitur
713 1985 960 2038 temporibus
989 1983 1204 2038 periodicis
1231 1996 1307 2024 una
1327 1996 1421 2023 curn
1441 1984 1621 2025 distantia
1644 1985 1747 2033 PT,
1776 1988 1894 2029 datur
1923 1991 1980 2031 vis
2006 2014 2010 2015 ν

438 2041 655 2082 mediocris
674 2040 714 2080 L
732 2040 791 2080 M
796 2058 805 2086 ;
837 2040 876 2080 δε
897 2052 942 2079 ea
961 2039 1053 2078 data
1072 2067 1082 2084 ‚
1111 2038 1227 2078 datur
1240 2037 1360 2079 etiam
1379 2038 1435 2078 vis
1459 2038 1576 2078 MN
1586 2042 1894 2095 quamproxime
1908 2056 1980 2098 per

438 2096 661 2148 analogiam
687 2095 880 2135 linearum
904 2091 1007 2140 PT,
1033 2092 1150 2133 MN.

495 2152 617 2189 Corol.
650 2149 709 2189 18.
745 2149 888 2189 Iisdem
916 2147 1070 2201 legibus
1099 2147 1242 2201 quibus
1268 2159 1415 2200 corpus
1444 2148 1487 2189 P
1514 2148 1667 2189 circum
1695 2161 1839 2202 corpus
1858 2149 1978 2194 Tre-

442 2203 643 2251 volvitur‚
678 2203 874 2256 fingamus
901 2215 1071 2255 corpora
1106 2202 1216 2256 plura
1245 2199 1370 2241 fluida
1407 2201 1560 2242 circum
1585 2203 1692 2243 idem
1719 2201 1818 2245 Tad
1848 2218 1978 2260 aequa-

443 2258 498 2297 les
518 2257 565 2296 ab
583 2257 665 2310 ipso
687 2257 886 2297 distantias
918 2256 1095 2302 moveri;
1128 2254 1276 2296 deinde
1304 2268 1355 2296 ex
1380 2256 1439 2296 his
1464 2257 1664 2310 contiguis
1691 2257 1802 2298 faffls
1827 2261 1978 2302 confla-

445 2311 478 2351 ri
507 2312 715 2352 Annulum
743 2310 916 2352 fluidum
943 2341 954 2359 ,
982 2310 1203 2352 rotundum
1236 2323 1280 2349 ac
1307 2311 1470 2364 corpori
1498 2311 1539 2351 T
1559 2307 1894 2361 concentricum3
1935 2316 1978 2355 ὅτ

444 2365 603 2420 fingulae
632 2366 784 2407 Annuli
799 2374 951 2420 partes,
978 2375 1112 2409 motus
1129 2365 1218 2407 suos
1238 2376 1377 2406 omnes
1397 2365 1446 2406 ad
1463 2365 1595 2419 legem
1615 2368 1795 2421 corporis
1818 2369 1860 2408 P
1886 2381 1978 2423 per-

1799 2423 1958 2475 agendo
1967 2452 1979 2472 ,
