2079 3033
414 145 760 191 PRINCIPIA
788 143 1345 190 MATHEMATICA.
1590 164 1663 206 353

123 227 313 272 Vortices
332 229 521 283 explicari
539 229 696 284 poflint.
752 229 857 271 Nam
884 228 1273 271 Phaenomenon'est
1289 260 1302 279 ‚
1334 231 1448 285 quod
1477 231 1659 274 Planeta-

97 295 211 331 rrum
228 283 333 324 circa
356 283 501 336 Jovern
530 284 825 325 revolventium
860 294 1042 337 tempora
1077 284 1285 337 periodica
1321 286 1410 327 sunt
1436 286 1477 328 in
1502 288 1659 330 ratione

119 338 684 392 sesquiplicata,distantiarum
703 353 725 379 a
743 348 889 379 centro
901 337 1012 390 Jovis
1031 356 1042 385 ;
1083 338 1124 378 &
1154 339 1299 380 eadem
1325 339 1482 395 Regula
1497 341 1656 385 obtinet

121 393 164 435 in
187 392 360 434 Planetis
375 393 447 448 qui
473 395 578 434 circa
604 391 740 433 Solem
767 393 1052 439 revolvuntur„
1097 392 1296 435 Obtinent
1321 407 1456 437 autem
1484 395 1546 438 hae
1574 397 1660 439 Re-

119 447 223 502 gulae
241 449 283 488 in
300 446 472 489 Planetis
491 445 808 501 utrisquequarn
833 445 1124 488 accuratiffime
1145 477 1157 496 ,
1197 458 1393 502 quatenus
1418 450 1662 494 observatio-

121 515 194 543 nes
224 501 522 552 Aflronomicae
558 500 748 542 haetenus
786 501 1017 555 prodidere.
1073 501 1258 556 Ideoque
1298 504 1325 544 fi
1355 504 1528 546 Planetae
1555 507 1609 547 illi
1637 521 1660 548 a

120 555 358 599 Vorticibus
381 556 490 596 circa
511 554 657 608 Jovem
687 555 729 595 &
758 555 893 596 Solem
920 555 1219 598 revolventibus
1245 556 1508 608 deferantur,
1536 561 1661 603 debe-

120 610 221 653 bunt
235 610 356 650 etiam
379 609 420 649 hi
441 609 627 650 Vortices
649 609 791 650 eadem
811 611 901 662 lege
926 610 1090 650 revolvi.
1148 610 1305 654 Verum
1324 622 1506 667 tempora
1524 616 1658 669 perio-

120 665 209 706 dica
237 663 409 716 partium
433 661 615 704 Vorticis
641 663 880 716 prodierunt
906 662 947 702 in
977 664 1132 704 ratione
1160 665 1360 718 duplicata
1385 668 1659 712 distantiarum

120 732 142 759 a
167 726 310 758 centro
339 725 506 767 motus;
554 730 687 772 neque
715 717 846 769 potest
884 715 986 757 ratio
1022 717 1084 756 illa
1113 717 1283 760 diminui
1312 721 1353 760 &
1378 723 1428 763 ad
1460 725 1659 766 rationem

119 771 429 826 sesquiplicatam
456 771 627 820 reduci,
662 771 732 813 nifi
751 771 813 813 vel
840 769 1003 812 materia
1023 769 1203 812 Vorticis
1231 786 1282 812 eo
1309 773 1472 816 fluidior
1501 778 1546 818 fit
1574 778 1674 833 quo*=

118 826 276 879 longius
297 825 411 867 distat
437 839 461 866 a
485 836 627 868 centro
645 855 657 873 ‚
685 826 747 869 vel
767 825 979 867 refistentia
999 854 1010 871 ‚
1048 837 1140 877 quae
1178 825 1306 867 oritur
1332 840 1384 869 ex
1412 829 1574 873 defectu
1601 831 1674 875 lu?

1703 230 1728 259 L
1738 240 1749 260 1
1759 240 1773 260 n
1784 240 1798 261 ε
1809 242 1827 263 n

1685 269 1856 301 Sncuunus.

119 879 311 922 bricitatis
341 880 514 933 partium
542 880 660 922 fluidi
681 912 690 927 ,
728 893 780 921 ex
808 879 919 921 auita
949 879 1163 939 velocitate
1192 893 1271 934 qua
1300 892 1431 935 partes
1459 883 1575 926 fluidi
1603 887 1662 928 se-
1705 906 1707 910 ·

120 945 308 990 parantur
326 935 373 976 ab
390 936 565 977 invicem
584 965 595 983 ‚
631 945 822 990 augeatur
839 934 881 975 in
901 934 1040 986 majori
1060 933 1216 974 ratione
1243 947 1363 988 quam
1383 950 1429 978 ea
1451 939 1564 980 estin
1585 953 1664 993 qua

121 989 310 1031 velocitas
330 999 509 1043 augetur.
567 992 763 1044 Quorum·
790 998 926 1030 tamen
962 998 1150 1029 neutrum
1178 989 1325 1030 rationi
1350 992 1664 1037 consentaneum

120 1044 293 1085 videtur.
351 1044 489 1085 Partes
516 1044 724 1085 crassiores
751 1043 792 1084 &
822 1044 952 1084 minus
969 1042 1108 1083 fluidae
1139 1042 1233 1095 (nifi
1253 1055 1394 1097 graves
1413 1046 1486 1088 sint
1506 1048 1545 1089 in
1566 1063 1663 1091 cen-

120 1098 254 1148 trum)
284 1097 651 1139 circumferentiam
670 1107 810 1152 petent
830 1115 841 1144 ;
880 1098 921 1138 ἅτ
941 1096 1150 1157 verifimile
1169 1095 1226 1137 est
1242 1099 1355 1152 quod
1373 1129 1384 1147 ‚
1412 1102 1561 1144 etiamfi
1578 1103 1664 1146 De-

118 1149 451 1193 monstrationum
471 1153 596 1206 gratia
618 1151 876 1206 Hypothefin
907 1152 1027 1192 talem
1052 1151 1169 1191 initio
1198 1152 1393 1195 Sec‘iionis
1425 1155 1539 1209 hujus
1565 1170 1661 1211 pro-

102 1205 320 1260 posuerim
348 1215 392 1248 ut
418 1206 653 1248 Refistentia
681 1206 886 1248 velocitati
915 1205 1225 1260 proportionalis
1255 1207 1349 1248 effer
1367 1212 1395 1256 ,“
1416 1220 1549 1259 tamen
1575 1212 1661 1254 Re-

118 1258 290 1301 fistentia
308 1259 349 1299 in
368 1260 515 1301 minori
533 1260 577 1301 fit
595 1261 750 1301 ratione
780 1273 901 1315 quam
927 1274 973 1300 ea
999 1258 1222 1301 velocitatis
1248 1262 1315 1302 est.
1374 1263 1472 1318 Quo
1498 1268 1662 1308 conces-

117 1315 185 1362 so,
214 1324 394 1367 tempora
412 1314 616 1368 periodica
634 1315 808 1368 partium
833 1314 1018 1357 Vorticis
1050 1324 1167 1355 erunt
1196 1315 1237 1356 in
1265 1316 1403 1368 majori
1432 1332 1551 1373 quam
1585 1321 1661 1363 du-

117 1369 262 1423 plicata
278 1367 432 1408 ratione
453 1368 723 1409 distantiarum
742 1369 790 1409 ab
819 1368 934 1422 ipsius
953 1376 1106 1410 centro,
1165 1369 1292 1423 Quod
1310 1371 1337 1411 fi
1357 1370 1548 1414 Vortices
1579 1376 1663 1421 (uti

120 1423 348 1476 aliquorum
382 1422 438 1462 est
473 1422 638 1476 opinio)
686 1422 852 1463 celerius
884 1432 1122 1464 moveantur
1156 1435 1282 1476 prope
1307 1436 1521 1475 centrum,
1566 1428 1663 1470 dein

122 1476 273 1518 tardius
299 1475 422 1529 usque
451 1476 501 1517 ad
527 1486 685 1517 certum
711 1476 880 1517 limitem
908 1505 920 1523 ,
964 1485 1048 1514 tum
1081 1477 1217 1518 denuo
1244 1478 1413 1519 celerius
1443 1479 1555 1532 juxta
1584 1484 1662 1523 cir-

119 1530 428 1575 cumferentiam
450 1548 461 1576 ;
499 1540 610 1571 certe
627 1544 701 1571 nec
724 1531 827 1571 ratio
847 1529 1118 1584 sesquiplicata
1146 1543 1278 1583 neque
1298 1533 1369 1571 alia
1396 1537 1547 1587 quaevis
1575 1549 1665 1578 cer-

122 1595 163 1626 ta
183 1598 227 1625 ac
247 1584 512 1625 determinata
531 1584 714 1624 obtinere
740 1584 881 1637 potest.
940 1582 1129 1625 Viderint
1156 1585 1291 1636 itaque
1321 1586 1549 1641 Philosophi
1577 1603 1662 1644 quo

121 1639 239 1693 pacto
259 1637 562 1679 Phaenomenon
582 1637 681 1678 illud
702 1637 865 1677 rationis
882 1636 1163 1692 sesquiplicatae
1182 1649 1252 1690 per
1265 1638 1456 1683 Vortices
1475 1641 1665 1697 explicari

121 1691 254 1748 poffit.

298 1791 710 1835 PROPOSITIO
741 1791 841 1834 LIII.
868 1791 1277 1837 THEOREMA
1304 1795 1416 1838 XLI.

125 1876 320 1941 Corpora
347 1893 443 1940 quae
464 1874 511 1922 in
547 1873 726 1923 Vortice
761 1874 912 1923 delata
949 1875 997 1923 in
1035 1875 1181 1925 orbem
1217 1878 1429 1941 redeunt,
1469 1883 1660 1945 ejusdem

181 1943 291 2002 sunt
326 1942 552 2006 densitatis
589 1961 686 1991 cum
725 1943 904 1991 Vortice
926 1983 940 2004 ,
991 1942 1052 1996 &³
1090 1946 1246 1995 eadem
1282 1948 1375 2014 lege
1407 1967 1505 2005 cum
1527 1950 1661 2018 ipstus

183 2009 394 2079 partibus
433 2011 615 2078 (quoad
643 2012 922 2061 velocitatem
960 2012 1021 2064 &⁹
1040 2021 1189 2076 cursus
1209 2016 1657 2088 determinationem)

193 2092 439 2129 moventur.

175 2174 278 2215 Nam
313 2173 340 2214 fi
368 2172 549 2215 Vorticis
577 2186 665 2228 pars
696 2176 827 2231 aliqua
853 2179 996 2234 exigua
1015 2208 1027 2227 ‚
1069 2180 1181 2234 cujus
1207 2183 1414 2235 particulae
1433 2184 1499 2227 seu
1517 2184 1661 2240 puncia

119 2228 276 2282 phyfica
295 2227 434 2267 datum
451 2227 607 2269 servant
628 2229 744 2271 fitum
772 2232 876 2273 inter
906 2235 944 2274 se
962 2263 974 2281 ‚
1018 2237 1224 2290 congelari
1243 2236 1515 2293 supponatur:
1555 2240 1662 2286 haec,

117 2282 308 2337 quoniam
328 2294 459 2335 neque
477 2283 609 2335 quoad
636 2284 874 2327 densitatem
902 2288 1031 2336 suam,
1067 2302 1204 2344 neque
1231 2293 1368 2346 quoad
1400 2295 1482 2335 vim
1511 2294 1663 2334 insitam

113 2346 182 2379 aut
210 2336 378 2391 figuram
410 2337 517 2378 suam
547 2348 754 2388 mutatur,
798 2342 1027 2384 movebitur
1064 2344 1208 2387 eadem
1251 2348 1338 2401 lege
1373 2362 1416 2389 ac
1447 2348 1586 2402 prius:
1624 2348 1666 2386 &

813 2393 853 2435 Y
875 2409 900 2449 y
1502 2410 1666 2450 contra,
