2079 3033
400 171 428 211 '8
718 164 1220 212 PHILOSOPHIAE
1256 164 1660 209 NATURAmS

201 256 527 298 rDi-:mm-quum
552 245 650 287 illud
679 245 812 286 datam
838 245 1078 299 positionem
1104 243 1231 286 servet
1259 256 1386 285 necne
1408 261 1419 291 ;
1462 243 1576 297 quies
1600 256 1696 286 vera
1721 258 1773 288 ex
1793 245 1938 290 horum

216 307 255 330 1¹
270 309 346 331 0N¹
362 307 387 330 S·
404 300 477 340 situ
494 302 598 341 inter
621 302 658 340 se
678 300 835 341 definiri
855 299 1007 354 nequit.

459 355 605 396 Motus
626 354 842 409 proprietas
869 353 925 394 est
946 387 954 401 ‚
991 353 1103 409 quod
1132 363 1282 408 partes,
1312 366 1403 407 quae
1423 353 1533 393 datas
1552 351 1708 394 servant
1727 355 1942 405 positiones

403 409 452 450 ad
484 420 566 450 tota
587 440 598 456 ,
637 409 873 461 participant
899 418 1032 449 motus
1061 408 1287 448 eorundem
1313 417 1506 448 totorum.
1564 407 1669 448 Nam
1699 407 1943 463 Gyrantium

400 475 534 518 partes
553 476 692 504 omnes
713 473 909 503 conantur
937 461 1129 503 recedere
1167 462 1215 502 ab
1237 475 1308 502 axe
1341 472 1497 510 moti-15,
1526 461 1567 502 &
1587 462 1943 516 progredientium

402 520 574 572 impetus
602 518 726 557 oritur
764 530 815 558 ex
851 516 1067 569 conjuncto
1106 517 1259 569 impetu
1295 516 1466 569 partium
1505 516 1755 569 singula-rum.
1813 516 1942 559 Motis

401 573 522 625 igitur
553 572 790 624 corporibus
818 570 1106 618 ambientibus,
1137 581 1354 626 moventur
1376 583 1466 624 quae
1493 571 1531 610 in
1553 570 1817 612 ambientibus
1845 572 1944 612 rela-

403 628 483 666 tive
503 626 720 679 quiescunt.
777 625 831 665 Et
857 634 1071 679 propterea
1099 635 1231 665 motus
1252 637 1369 664 verus
1402 625 1440 664 &
1473 624 1671 665 absolutus
1698 625 1854 667 definiri
1875 639 1945 667 ne-

401 681 487 734 quit
518 693 587 733 per
607 679 913 720 transsationem*
935 693 956 719 e
985 679 1129 719 vicinia
1149 691 1387 732 corporum,
1417 691 1507 732 quae
1528 689 1716 731 tanquam
1732 681 1945 734 quiescen-

402 736 454 774 tia
482 734 716 787 spectantur.
774 734 936 775 Debent
966 734 1071 774 enim
1101 746 1270 788 corpora
1297 742 1461 774 externa
1492 746 1573 774 non
1600 733 1726 773 solum
1757 744 1945 789 tanquam

400 788 643 842 quiescentia
672 787 863 841 spef'tari‚
909 788 976 828 sed
1005 789 1125 829 etiam
1153 801 1247 829 vere
1284 787 1499 842 quiescere.
1565 787 1760 841 Alioquin
1796 788 1946 830 inclusa

349 889 352 893 .
401 843 554 889 omnia,
585 854 729 896 praeter
757 842 1053 883 transsationem
1081 856 1103 883 e
1140 841 1283 883 vicinia
1311 842 1572 882 ambientium
1598 871 1609 887 ‚
1651 842 1946 895 participabunt

401 898 522 938 etiam
543 897 802 937 ambientium
828 907 962 937 motus
990 909 1129 943 ve1·os;
1162 897 1204 936 &
1231 896 1377 936 sublata
1406 896 1469 935 illa
1498 894 1753 936 transsatione
1771 909 1853 937 non
1876 910 1945 938 ve-

402 964 447 992 re
474 951 676 1004 quiescent
694 981 706 999 ‚
772 950 838 992 sed
868 961 1055 1005 tanquam
1083 951 1327 1006 quiescentia
1356 948 1613 990 solummodo
1652 949 1944 1004 speftabunt'ur.

403 1006 503 1046 Sunt
524 1005 628 1045 enirn
648 1006 860 1047 ambientia
880 1005 929 1045 ad
949 1006 1095 1047 inclusa
1113 1035 1125 1054 ‚
1164 1015 1208 1046 ut
1238 1006 1362 1046 totius
1394 1017 1481 1057 pars
1509 1004 1686 1044 exterior
1712 1003 1761 1044 ad
1790 1015 1946 1058 partem

398 1059 658 1108 interiorem,
689 1061 750 1101 vel
778 1070 821 1100 ut
847 1070 991 1101 cortex
1019 1062 1068 1100 ad
1098 1061 1297 1102 nucleum.
1353 1059 1477 1100 Moto
1506 1068 1642 1099 autem
1662 1059 1815 1100 cortice
1835 1088 1846 1107 ,
1871 1073 1948 1101 nu-

405 1115 512 1155 cleus
531 1115 649 1155 etiam
670 1143 681 1162 ,
707 1115 851 1169 absque
875 1114 1127 1156 transsatione
1156 1116 1209 1156 de
1238 1113 1382 1155 vicinia
1402 1113 1585 1161 corticis,
1617 1126 1693 1159 ceu
1711 1125 1801 1167 pars
1823 1114 1948 1156 totius

405 1178 602 1210 movetur.

456 1223 709 1265 Praecedenti
731 1225 963 1280 proprietati
994 1224 1123 1266 affinis
1143 1224 1218 1267 est<
1244 1223 1361 1279 quod
1382 1234 1497 1264 moto
1515 1221 1635 1264 Loco
1662 1233 1850 1264 movetur
1867 1236 1948 1265 una

362 1304 365 1308 ι
402 1274 631 1319 -Locatum:
660 1279 843 1335 adeoque
863 1294 1031 1334 corpus,
1061 1280 1172 1334 quod
1193 1279 1244 1319 de
1265 1282 1482 1320 locomoto
1495 1288 1707 1325 movetur,
1737 1278 1949 1331 participat

397 1332 526 1373 -etiam
552 1334 632 1373 loci
668 1333 724 1373 sui
751 1346 920 1376 motum.
989 1335 1132 1376 Motus
1158 1335 1281 1387 igitur
1308 1345 1448 1373 omnes
1471 1364 1480 1378 ,
1520 1332 1588 1385 qui
1619 1331 1672 1372 de
1701 1331 1797 1372 locis
1828 1333 1949 1373 motis

405 1385 529 1434 fiunt,
558 1389 645 1427 sunt
664 1398 793 1440 partes
820 1389 1075 1429 solummodo
1103 1399 1288 1429 motuum
1316 1391 1567 1439 integi-orum
1589 1386 1629 1425 δι
1655 1386 1948 1429 absolutorum:

405 1439 449 1480 δε
469 1450 601 1483 motus
626 1442 758 1482 omnis
787 1444 944 1497 integer
973 1443 1230 1496 componitur
1257 1455 1307 1482 ex
1339 1452 1454 1482 motu
1479 1440 1664 1493 *corporis
1685 1440 1737 1481 de
1756 1441 1850 1481 loco
1877 1441 1952 1483 suo

402 1495 558 1547 primo,
589 1495 628 1534 &
651 1505 765 1535 motu
788 1498 864 1536 loci
885 1498 998 1549 hujus
1026 1498 1077 1536 de
1099 1499 1190 1540 loco
1211 1497 1304 1543 suo,
1332 1495 1373 1535 &
1394 1495 1445 1535 fic
1464 1494 1677 1546 deinceps;
1710 1494 1834 1549 usque
1850 1495 1950 1537 dum

404 1549 663 1602 perveniatur
695 1549 743 1588 ad
772 1550 907 1590 locum
935 1552 1172 1596 immotum,
1203 1560 1248 1588 ut
1275 1550 1316 1588 in
1344 1548 1531 1600 exemplo
1557 1548 1701 1588 Nautae
1720 1548 1834 1602 supra
1862 1561 1950 1591 me-

405 1613 576 1643 morato.
631 1601 755 1642 Unde
783 1613 916 1642 motus
943 1604 1089 1653 integri
1119 1605 1158 1641 &
1187 1602 1352 1641 absoluti
1385 1615 1470 1641 non
1491 1601 1561 1641 nifi
1581 1614 1653 1654 per
1677 1602 1766 1643 loca
1780 1602 1951 1646 immota

402 1656 562 1696 definiri
584 1654 764 1708 poss'unt:
795 1656 836 1694 δε
857 1664 1069 1708 propterea
1089 1654 1162 1693 hos
1190 1654 1238 1693 ad
1261 1655 1348 1692 loca
1367 1654 1557 1699 immota,
1583 1655 1766 1694 relativos
1793 1656 1842 1696 ad
1861 1670 1949 1698 mo-

403 1709 497 1751 bilia
514 1709 626 1762 supra
645 1709 778 1750 retuli.
834 1709 946 1749 Loca
981 1717 1115 1748 autem
1144 1708 1310 1747 immota
1341 1720 1422 1746 non
1452 1707 1539 1746 sunt
1557 1735 1569 1753 ‚
1596 1705 1667 1746 nifi
1695 1720 1786 1761 quae
1813 1711 1949 1753 omnia

404 1763 458 1805 ab
486 1763 644 1804 infinito
674 1763 715 1803 in
734 1762 935 1803 infinitum
957 1762 1065 1802 datas
1092 1763 1246 1803 servant
1274 1760 1489 1814 positiones
1517 1759 1568 1800 ad
1595 1760 1792 1810 invicem3
1825 1773 1947 1819 atque

399 1818 509 1858 adeo
528 1818 681 1870 semper
706 1828 868 1859 manent
894 1818 1081 1864 immota,
1111 1816 1360 1870 spatiumque
1389 1813 1635 1856 constituunt
1662 1816 1776 1870 quod
1800 1817 1949 1861 Immo.

401 1872 487 1914 bile
504 1873 670 1926 appello.

462 1927 624 1972 Causaev‚
656 1926 798 1980 quibus
826 1935 962 1967 motus
988 1926 1072 1967 veri
1104 1925 1145 1966 δε
1171 1924 1326 1965 relativi
1355 1922 1650 1977 distinguuntur
1675 1925 1723 1966 ab
1750 1927 1947 1979 invicem,

404 1981 499 2022 sunt
527 1980 646 2022 Vires
672 1981 718 2021 in
745 1993 916 2034 corpora
950 1979 1144 2035 impreffae
1181 1979 1230 2019 ad
1258 1989 1416 2019 motum
1459 1979 1745 2031 generandum.
1801 1981 1947 2025 Motus

411 2049 528 2076 verus
547 2048 621 2075 nec
641 2046 853 2088 generatur
874 2048 948 2075 nec
969 2045 1167 2080 mutatum
1198 2033 1272 2074 nifi·
1283 2047 1354 2086 per
1373 2034 1476 2073 vires
1496 2033 1535 2073 in
1557 2033 1683 2087 ipsum
1703 2048 1847 2089 corpus
1859 2051 1948 2078 mo-

409 2101 496 2130 tum
521 2088 738 2143 impressas:
769 2100 807 2130 at
826 2100 960 2132 motus
987 2090 1172 2129 relativus
1199 2087 1379 2146 generari
1408 2086 1447 2126 δε
1477 2089 1620 2128 mutari
1651 2090 1781 2142 potest
1802 2091 1946 2146 absque

407 2144 561 2185 -viribus
586 2143 782 2197 impreffis
811 2144 852 2184 in
876 2144 955 2185 hoc
981 2156 1136 2195 corpus.
1202 2140 1361 2182 Sufficit
1387 2140 1496 2181 enim
1527 2151 1571 2182 ut
1598 2142 1876 2195 imprimantur
1903 2148 1947 2188 in

409 2200 481 2239 alia
508 2199 634 2239 solum
663 2211 834 2252 corpora
866 2198 917 2238 ad
952 2211 1042 2252 quae
1070 2198 1114 2238 fit
1151 2197 1290 2238 relatio
1309 2226 1320 2243 ‚
1357 2205 1403 2236 ut
1431 2195 1476 2235 iis
1503 2196 1739 2238 cedentibus
1768 2210 1946 2242 mutetur

408 2254 549 2294 relatio
576 2254 639 2293 illa
664 2253 703 2292 in
733 2266 809 2305 qua
837 2252 951 2303 hujus
979 2252 1091 2307 quies
1126 2252 1189 2291 vel
1218 2261 1351 2290 motus
1375 2250 1559 2290 relativus
1589 2251 1773 2292 consistit.
1838 2254 1947 2295 Rur-

404 2308 493 2349 sum
513 2317 646 2347 motus
666 2320 783 2347 verus
803 2321 823 2347 a
844 2307 991 2347 viribus
1017 2306 1058 2347 in
1078 2318 1222 2360 corpus
1242 2315 1398 2345 motum
1424 2304 1619 2356 impreffis
1639 2305 1793 2359 semper
1820 2319 1949 2350 muta-

405 2372 497 2409 Δῑιπς
526 2372 564 2402 at
585 2371 716 2402 motus
735 2361 921 2402 relativus
941 2361 988 2401 ab
1009 2361 1067 2401 his
1085 2361 1231 2401 viribus
1260 2371 1342 2400 non
1362 2368 1538 2399 mutatur
1558 2360 1786 2402 necessario,
1842 2363 1947 2404 Nam

405 2416 437 2459 si
456 2417 611 2459 eaedem
636 2416 740 2457 vires
765 2416 809 2457 in
835 2416 907 2458 alia
934 2416 1055 2457 etiam
1072 2427 1266 2469 corpora,
1294 2413 1347 2455 ad
1369 2425 1458 2468 quae
1487 2414 1532 2456 fit
1551 2414 1713 2463 relatio,
1741 2415 1793 2456 fic
1811 2416 1951 2469 impri-

1790 2479 1949 2515 mantur
