2079 3033
384 212 458 250 272
698 192 1207 240 PHILOSOPHIAE⁷
1243 187 1643 239 NATURALIS
1681 247 1684 249 ,

195 296 241 326 ΒΕ
261 296 359 325 Moru

195 334 381 380 «Ν,
775 300 830 376 ς’
875 328 915 377 Ε
986 299 1044 377 C⁴
1105 323 1154 392 Τ
1180 320 1184 323 “
1225 325 1245 375 1
1315 330 1361 376 o
1482 329 1574 379 Vt.

493 465 569 512 De
592 463 726 513 Motu
753 461 813 514 &²5⁹
827 441 1098 529 'Refistentia
1123 462 1361 528 Corporum
1385 440 1825 531 Funependulorumr

548 571 963 642 PRopostTto
992 599 1176 643 XXIV.
1206 598 1603 641 THEOREMA
1630 599 1764 641 xix.

396 723 702 791 Qmmitates·
725 724 923 773 maleriae
958 724 1006 771 in
1045 724 1298 791 'corporibus
1333 717 1647 790 fuhependulis
1669 762 1684 784 ,
1732 741 1923 790 quorum.

465 806 617 840 centra
641 792 953 850 oscillatiomtm
978 810 1007 839 a
1028 805 1173 840 centro
1184 791 1475 858 suspensionis
1495 791 1728 857 aequaliter
1738 793 1913 855 afflant,

453 864 567 919 sum
583 861 630 907 in
652 861 823 908 ratione
847 860 1078 925 compostta
1100 877 1153 906 ex
1177 860 1350 907 ratione
1366 858 1617 923 ponderum
1653 859 1714 910 &³
1747 862 1918 909 ratione

461 927 691 994 duplicata
709 943 954 995 temporum
977 927 1291 984 oscillationum
1314 926 1362 972 in
1389 943 1541 975 vacuo.

451 1077 555 1118 Nam
584 1078 793 1122 velocitas,
824 1089 941 1131 quam
972 1077 1061 1117 data
1090 1076 1147 1116 vis
1176 1075 1216 1115 in
1246 1074 1336 1115 data
1356 1073 1519 1115 materia
1539 1074 1634 1115 dato
1654 1083 1838 1128 tempore
1857 1088 1926 1129 ge-

397 1141 535 1170 nerare
565 1130 693 1184 potest
711 1160 721 1178 ‚
758 1130 813 1170 est
850 1141 893 1173 ut
931 1131 987 1170 vis
1017 1131 1058 1169 ὅτ
1088 1140 1243 1182 tempus
1274 1129 1424 1169 directe
1444 1157 1455 1174 ‚
1497 1129 1539 1169 δε
1565 1129 1728 1168 materia
1755 1130 1925 1170 inverse.
1972 1136 1981 1141 ”

398 1184 496 1235 Quo
525 1185 648 1236 major
677 1185 732 1224 est
760 1185 816 1232 vis
846 1187 909 1223 vel
939 1182 1062 1234 majus
1088 1192 1244 1235 tempus
1272 1183 1335 1222 vel
1365 1183 1496 1222 minor
1532 1182 1697 1221 materia
1717 1214 1728 1229 ,
1765 1195 1815 1222 eo
1843 1195 1927 1223 ma-

393 1237 458 1289 jor
497 1238 747 1289 generabitur
785 1238 985 1278 velocitas.
1040 1236 1085 1277 Id
1124 1236 1235 1289 quod
1271 1248 1342 1288 per
1370 1245 1503 1276 motus
1532 1235 1689 1287 Legem
1715 1235 1929 1278 secundam

396 1291 646 1331 manifestum
683 1290 748 1331 est.
800 1290 889 1342 jam
926 1304 1023 1331 vero
1060 1289 1087 1329 fi
1124 1289 1299 1328 Pendula
1335 1288 1510 1338 ejusdem
1538 1288 1611 1327 fint
1638 1289 1930 1339 longitudinis,

397 1346 500 1386 vires
536 1345 725 1385 mon-{ces
763 1345 804 1383 in
840 1344 937 1383 locis
972 1357 993 1382 a
1031 1340 1320 1395 perpendiculo
1351 1353 1383 1380 ae
1416 1341 1554 1381 naliter
1583 1340 1813 1381 distantibus
1841 1342 1931 1383 sunt

397 1410 443 1440 ut
480 1399 688 1452 pondera:
726 1397 901 1447 ideoque
937 1396 964 1435 fi
1001 1406 1171 1447 corpora
1208 1393 1291 1433 duo
1320 1393 1535 1434 oscitando
1562 1392 1784 1434 describant
1811 1408 1924 1437 arcus

399 1454 585 1507 aequales.
619 1451 661 1490 &
690 1462 802 1489 arcus
830 1450 885 1488 illi
914 1448 1145 1489 dividantur
1172 1447 1213 1488 in
1242 1459 1372 1501 partes
1401 1448 1603 1501 aequales3
1630 1460 1724 1488 cum
1751 1458 1932 1501 tempora
1979 1462 1980 1465 ¹
2030 1446 2035 1449 χ

396 1506 539 1560 quibus
576 1515 745 1557 corpora
781 1502 1007 1543 describunt
1045 1501 1212 1555 fingulas
1246 1513 1412 1542 arcuum
1447 1511 1577 1555 partes
1614 1501 1932 1555 corresponden-

397 1570 456 1600 tes
475 1589 487 1606 ‚
523 1559 595 1599 sint
625 1568 668 1597 ut
697 1567 879 1610 tempora
907 1556 1195 1596 oscillationum
1225 1563 1399 1596 totarum
1416 1585 1429 1603 ,
1475 1564 1593 1596 erunt
1620 1555 1850 1595 velocitates
1878 1556 1930 1597 ad

399 1613 573 1654 invicem
599 1612 640 1650 in
667 1610 1072 1660 correspondentibus
1100 1609 1399 1657 oscillationum
1413 1609 1615 1657 partibus,
1641 1616 1686 1647 ut
1703 1608 1805 1648 vires
1837 1620 1927 1648 mo-

401 1669 519 1708 trices
548 1665 588 1704 &
615 1671 699 1703 tota
727 1661 1013 1700 oscillationum
1040 1669 1223 1711 tempora
1250 1659 1398 1697 dire'eoe
1425 1661 1468 1698 δε
1485 1661 1723 1712 quantitates
1751 1661 1927 1702 materiae

402 1721 635 1771 reciproce:
675 1714 857 1767 adeoque
891 1711 1132 1765 quantitates
1167 1710 1342 1749 materiae
1368 1719 1413 1749 ut
1441 1711 1543 1751 vires
1569 1711 1611 1750 &
1638 1712 1926 1755 oscillationum

405 1784 585 1825 tempora
602 1767 753 1809 directe
777 1765 1064 1807 &velocitates
1083 1763 1301 1816 reciproce.
1357 1762 1437 1803 Sed
1463 1764 1693 1804 velocitates
1718 1767 1927 1819 reciproce

404 1828 493 1868 sunt
521 1836 564 1865 ut
593 1834 773 1874 tempora
790 1849 801 1867 ‚
838 1828 958 1872 atque
986 1818 1089 1858 adeo
1118 1827 1300 1870 tempora
1323 1815 1474 1868 directe
1504 1818 1545 1857 &
1573 1817 1802 1859 velocitates
1830 1821 1930 1872 reci.

402 1893 526 1934 proce
554 1877 642 1918 sunt
668 1883 714 1915 ut
742 1872 933 1926 quadrata
962 1880 1190 1925 temporum
1215 1898 1227 1916 ,
1266 1869 1308 1908 ἅτ
1335 1879 1549 1923 propterea
1577 1871 1814 1923 quantitates
1843 1873 1926 1914 ma'-

404 1935 514 1974 teriae
540 1931 627 1971 sunt
656 1939 700 1969 ut
727 1927 830 1967 vires
858 1925 1047 1966 motrices
1077 1925 1119 1964 δε
1155 1923 1346 1977 quadrata
1382 1933 1610 1977 temporum
1627 1952 1640 1971 ,
1681 1924 1724 1965 id
1752 1924 1807 1965 est
1824 1954 1837 1972 ‚
1879 1936 1925 1967 ut

401 1989 580 2044 pondera
600 1984 640 2024 &
659 1980 849 2037 quadrata
869 1989 1108 2033 temporum.
1165 1979 1223 2031 §Q
1243 1975 1295 2017 E.
1323 1977 1385 2018 D.
1683 1980 1685 1984 '

458 2081 581 2124 Corol.
613 2093 644 2120 1.
672 2076 850 2129 Ideoque
879 2074 907 2115 fi
935 2082 1115 2127 tempora
1142 2073 1230 2115 sunt
1259 2072 1449 2127 aequalia,
1477 2073 1716 2128 quantitates
1743 2074 1922 2116 materiae

403 2140 443 2179 in
463 2134 617 2188 fingulis
635 2129 870 2184 corporibus
885 2138 1002 2169 erunt
1023 2137 1068 2168 ut
1085 2127 1274 2181 pondera.

457 2191 577 2231 Corol.
607 2203 643 2226 2.
673 2185 713 2226 Si
742 2183 921 2236 pondera
948 2182 1036 2223 sunt
1067 2181 1248 2236 aequalia,
1275 2182 1512 2236 quantitates
1537 2181 1713 2224 materiae
1731 2191 1848 2225 erunt
1876 2191 1921 2224 ut

401 2244 592 2300 quadrata
610 2250 853 2291 temporum.
1871 2248 1875 2252 .

459 2296 581 2339 Corol.
613 2309 645 2342 3-
672 2292 713 2333 Si
733 2291 968 2344 quantitates
999 2291 1174 2333 materiae
1198 2298 1432 2345 aequantur,
1468 2291 1647 2345 pondera
1667 2300 1791 2334 -erunt
1818 2291 1920 2333 reci.

407 2364 530 2408 proce
548 2359 593 2392 ut
612 2345 801 2402 quadrata
820 2354 1059 2400 temporum.
1801 2401 1838 2441 C
1897 2400 1916 2439 l

1834 2413 1895 2443 oro
1914 2433 1923 2444 .
