2079 3033
202 246 253 275 Da
274 244 391 274 Momm

204 284 395 320 Srsumn„

406 160 483 209 355
707 153 1196 201 PHILOSOPHIAE
1224 156 1634 202 NATURALIS

1073 314 1151 391 D
1207 313 1264 386 E

411 667 1946 810 SYSTEMATE

706 899 1046 953 LIBER
1120 895 1644 948 TERTIUS.

456 1039 498 1081 N
535 1035 668 1079 Libris
695 1032 1020 1090 praecedentibus
1049 1030 1243 1084 principia
1273 1030 1539 1085 Philosophiae
1567 1030 1746 1077 tradidi,
1779 1045 1865 1074 non
1893 1043 1955 1076 ta-

461 1106 551 1134 men
570 1089 849 1143 philosophica
868 1087 935 1128 sed
963 1086 1253 1127 Mathematica
1281 1095 1437 1125 tanturn
1455 1115 1467 1133 ‚
1504 1098 1556 1125 ex
1594 1086 1742 1139 quibus
1760 1087 1954 1130 videlicet·

406 1151 449 1191 in
480 1147 599 1188 rebus
626 1142 917 1196 Philosophicis
944 1140 1134 1194 disputari
1165 1138 1296 1192 poffit.
1352 1138 1459 1178 Haec
1490 1139 1579 1180 sunt
1610 1150 1796 1181 motuum
1826 1142 1867 1181 δε
1891 1144 1952 1183 vi..

405 1204 512 1245 rium
531 1202 640 1254 leges
663 1199 704 1239 &
724 1197 979 1238 conditiones
998 1224 1010 1242 ,
1045 1207 1134 1246 quae
1167 1193 1215 1234 ad
1247 1193 1541 1246 Philosophiam
1570 1195 1743 1234 maxime
1761 1194 1956 1248 speetanr,

404 1256 563 1298 Eadem
589 1266 723 1294 tamen
742 1281 754 1299 ,
792 1265 843 1292 ne
873 1249 1014 1290 sterilia
1034 1249 1243 1288 videantur
1262 1276 1274 1295 ‚
1303 1246 1486 1287 illustravi
1516 1247 1686 1287 Scholiis
1713 1249 1954 1300 quibusdam.

407 1308 699 1362 Philosophicis
718 1336 729 1353 ‚
765 1319 820 1355 ea·
840 1304 1007 1344 nattam
1024 1315 1115 1355 quae
1141 1301 1338 1355 generalia
1363 1300 1451 1341 sunt
1472 1330 1487 1348 ,v
1523 1301 1564 1340 δε
1590 1301 1630 1341 in
1651 1301 1796 1354 quibus
1815 1303 1952 1344 Philo..

405 1364 542 1418 sophia
563 1362 735 1403 maxime
762 1358 922 1399 fundari
949 1356 1109 1396 videtur
1129 1385 1144 1403 ‚.
1176 1356 1236 1396 uti
1263 1367 1481 1407 corporum
1510 1354 1747 1396 denfitatem
1772 1356 1812 1396 ἃ
1843 1358 1954 1398 refis-

411 1418 600 1464 tentiam,
627 1415 748 1468 spatia
777 1410 1013 1465 corporibus
1043 1423 1163 1450 vacua
1181 1440 1193 1457 ‚
1239 1418 1479 1463 motumque
1507 1409 1632 1450 Lucis
1663 1410 1704 1450 δε
1734 1409 1954 1454 Sonorum.⁴

407 1471 595 1526 Superest
614 1480 658 1509 ut
687 1482 739 1509 ex
755 1468 894 1508 iisdem
922 1465 1124 1519 principiis
1150 1464 1366 1504 doceamus
1395 1462 1725 1513 constitutionem
1753 1464 1955 1518 Systema·
1976 1506 1983 1508 „

406 1527 457 1568 tis
496 1523 707 1566 Mundani.
731 1558 734 1563 .
764 1522 829 1562 De
868 1521 946 1561 hoc
981 1529 1219 1572 argumento
1248 1518 1552 1571 composueram
1581 1518 1752 1559 Librum
1781 1520 1949 1562 tertium

406 1580 606 1622 methodo
635 1576 847 1631 populari,
883 1585 926 1615 ut
938 1587 977 1614 „a
1007 1574 1183 1626 pluribus
1213 1574 1423 1626 legeretur.
1482 1572 1560 1612 Sed
1583 1573 1726 1625 quibus
1745 1573 1948 1627 Principia

407 1635 532 1689 pofita
560 1633 647 1674 satis
675 1630 873 1675 intelleffiia
911 1641 994 1668 non
1031 1627 1180 1666 fuerint
1205 1655 1216 1672 ,
1263 1627 1292 1664 ii·
1317 1626 1398 1664 vim
1426 1625 1805 1676 consequentiarum
1829 1628 1948 1669 mini-

409 1703 476 1730 me
503 1686 756 1741 percipient3
793 1695 925 1735 neque
955 1679 1186 1732 praejudicia
1215 1678 1423 1730 deponent
1451 1678 1594 1731 quibus
1622 1692 1644 1718 a
1672 1680 1946 1723 multisffetro

409 1743 526 1784 annis
548 1740 831 1781 insueverant:
870 1734 911 1774 &
949 1742 1162 1786 propterea
1186 1744 1237 1772 ne
1265 1744 1329 1771 res
1356 1731 1397 1771 in
1426 1730 1712 1785 disputationes
1746 1733 1951 1785 trahatur,

411 1797 605 1838 summ-am
623 1792 713 1833 libri
732 1790 834 1830 illius
861 1787 1038 1829 transtuli
1067 1787 1110 1826 in
1134 1784 1437 1839 Propofitiones
1453 1814 1467 1832 ‚
1493 1799 1607 1826 more
1625 1786 1953 1839 Mathematico,

413 1862 458 1892 ut
482 1850 529 1890 ab
550 1849 596 1888 iis
613 1847 703 1887 solis
724 1846 907 1897 legantur
927 1842 996 1895 qui
1013 1839 1216 1893 Principia
1240 1839 1349 1892 prius
1374 1840 1610 1879 evolverint.
1666 1839 1949 1887 Veruntamen.

412 1904 604 1959 quoniam
632 1897 931 1951 Propositiones
959 1895 1015 1935 ibi
1044 1906 1163 1947 quam
1191 1893 1373 1946 plurimae
1401 1904 1620 1934 occurrunt
1639 1923 1652 1940 ‚
1686 1908 1776 1948 quae
1797 1896 1946 1938 Lesto-

411 1959 519 2000 ribus
557 1958 676 1997 etiam
714 1950 1004 1993 Mathematice
1039 1947 1167 1989 doffis
1194 1960 1351 1988 moram.
1386 1947 1550 1988 nimiam
1579 1947 1742 1998 injicere
1771 1950 1952 2003 poffint,

413 2012 552 2053 aufior
577 2008 653 2050 effe
682 2008 779 2048 nolo
805 2016 849 2046 ut
876 2004 1083 2058 quisquam
1111 2014 1175 2042 eas
1203 2014 1343 2042 omnes
1372 2002 1562 2047 evolvat;
1603 2001 1803 2044 suffecerit
1830 2005 1953 2061 siquis

414 2065 710 2110 Definitiones‚
748 2061 882 2113 Leges
911 2069 1095 2098 motuum
1126 2056 1167 2096 &
1195 2055 1386 2096 seffiones
1416 2064 1494 2095 tres
1519 2055 1674 2107 priores
1695 2057 1810 2098 Libri
1828 2063 1948 2112 primi

416 2120 553 2161 sedulo
573 2119 698 2171 legat,
725 2115 820 2155 dein
839 2112 1005 2153 transeat
1025 2111 1074 2152 ad
1102 2110 1209 2150 hune
1237 2109 1406 2149 Librum
1437 2109 1488 2149 de
1519 2108 1669 2150 Mundi
1695 2111 1913 2164 Systemate
1933 2148 1948 2163 ,,

417 2174 459 2213 δε
487 2174 656 2224 reliquas
683 2168 904 2212 Librorum
930 2171 1113 2220 priorum
1140 2162 1440 2218 propositiones
1468 2163 1534 2205 hic
1562 2163 1698 2205 citata-s
1723 2178 1798 2219 pro
1817 2167 1946 2211 lubitu

351 2263 353 2265 .
417 2227 608 2270 consulat.

1555 2380 1954 2433 REGULAE
