2079 3033
367 134 444 186 482
675 124 1163 175 PHILOSOPHIAE
1190 122 1598 169 NATURALIS

176 217 223 247 ΒΕ
246 217 362 246 Muum
380 213 524 256 Vacuo
543 215 701 256 cadunt.
746 210 798 251 Et
817 223 884 263 par
907 208 963 250 est
982 208 1084 249 ratio
1102 207 1318 263 spatiorum
1338 205 1563 248 coelestium
1584 219 1674 260 quae
1691 207 1776 250 sunt
1796 210 1917 266 supra.

175 255 681 322 SMJEMAUE’.atmosphaeram
707 264 864 305 Terrae‚
920 263 1105 316 Corpora
1133 263 1267 303 omnia
1292 262 1333 302 in
1360 261 1437 301 istis
1457 260 1586 314 spatiis
1606 260 1806 316 liberrime
1820 279 1907 306 mo-

379 323 465 364 veri
500 322 674 366 debent;
707 319 747 359 &
782 327 995 373 propterea
1026 317 1201 358 Planetae
1229 316 1268 356 &
1298 315 1485 355 Cometae
1515 316 1555 355 in
1591 314 1751 355 orbibus
1779 317 1907 369 specie

379 378 418 417 δε
439 376 635 430 positione
655 372 777 419 datis,
807 371 1024 412 recundum
1052 373 1157 424 leges
1180 371 1291 423 supra
1310 369 1525 423 expofitas,
1555 379 1750 422 perpetuo
1780 376 1909 414 revol-

376 432 427 471 vi.
484 427 799 470 Perl'everabunt
825 426 992 480 quidem
1022 425 1063 465 in
1090 424 1252 465 orbibus
1275 423 1349 463 suis
1373 436 1444 476 per
1467 424 1573 475 leges
1594 423 1816 476 gravitatis,
1845 428 1911 468 led

378 485 597 536 regularem
626 483 783 523 orbium
809 480 926 522 situm
955 479 1137 533 primitus
1168 479 1377 532 acquirere.
1396 490 1466 531 per
1487 478 1594 531 leges
1614 477 1728 518 hasce
1749 479 1912 522 minime

376 548 607 591 potuerunt.

434 592 609 632 Planetae
647 592 714 632 sex
750 589 985 645 principales
1021 588 1283 629 revolvuntur
1320 585 1473 626 circum
1514 585 1647 625 Solem
1684 586 1725 625 in
1755 586 1913 630 circulis

377 646 461 687 Soli
481 646 747 687 concentricis
768 674 779 693 ‚
811 645 952 685 eadem
978 653 1110 683 motus
1136 640 1376 685 direffione,
1406 638 1448 678 in
1467 639 1612 681 eodem
1633 639 1751 692 plano
1775 653 1919 694 quam-⁷

379 701 577 754 proxime.
635 700 765 740 Lunae
794 700 936 739 decem
956 696 1216 737 revolvuntur
1236 693 1390 734 circum
1407 691 1601 738 Terram,
1625 693 1770 745 jovem
1789 695 1829 734 &c
1849 696 1917 736 Sa-

381 766 545 795 turnum
574 754 613 794 in
641 754 797 795 circulis
824 750 1112 796 concentricis‚
1138 748 1281 788 eadem
1306 756 1440 787 motus
1459 745 1703 795 direfflone,
1733 748 1774 788 in
1793 750 1916 801 planis

382 807 541 849 orbium
571 808 824 848 Planetarum
851 804 1172 860 quamproxime.
1229 801 1283 841 Et
1311 800 1353 840 hi
1382 812 1521 840 omnes
1551 811 1687 840 motus
1717 803 1916 853 regulares

381 863 578 914 originem
607 860 865 902 non-habent
901 873 952 899 ex
977 856 1097 898 causis
1125 854 1404 898 Mechanicis;
1436 853 1630 907 siquidem
1663 853 1849 896 Cometae
1876 858 1918 898 in

383 916 560 956 Orbibus
588 915 703 955 valde
735 913 992 957 eceentricis,
1023 909 1063 949 ἃ
1090 910 1131 949 in
1161 921 1300 948 omnes
1318 908 1519 956 coelorum
1550 917 1680 958 partes
1709 907 1830 950 libere
1859 910 1920 951 fe..

383 981 538 1010 runtur.
596 969 694 1022 Quo
710 971 842 1007 m'otus
863 978 1011 1018 genere
1037 962 1224 1003 Cometae
1254 975 1325 1014 per
1353 961 1484 1002 Orbes
1514 961 1767 1002 Planetarum
1796 965 1920 1005 celer-

383 1023 484 1064 rime
516 1023 554 1063 &
585 1021 769 1061 facillime
799 1019 1003 1060 transeunt
1021 1047 1032 1064 ,
1062 1017 1101 1056 ἃ
1131 1017 1171 1057 in
1200 1015 1382 1068 Apheliis
1411 1015 1485 1055 suis
1513 1016 1579 1055 ubi
1609 1017 1802 1057 tardiores
1831 1019 1928 1060 suntv

384 1078 425 1116 &
466 1077 614 1116 diutius
652 1086 887 1120 morantur,
927 1085 1046 1126 quarn
1093 1069 1317 1123 longiffime
1356 1069 1498 1109 distant
1536 1069 1584 1109 ab
1620 1070 1791 1111 invicem
1817 1101 1831 1119 ‚
1876 1074 1919 1114 δε

384 1130 424 1170 se
454 1141 597 1169 mutuo
625 1142 746 1182 quam
775 1127 939 1168 minime
969 1124 1141 1165 trahunt.
1195 1123 1491 1175 Elegantiffima
1521 1122 1655 1163 haecce
1682 1124 1802 1172 Solis,
1832 1126 1927 1167 Pla--

386 1195 569 1225 netarum
610 1184 649 1220 ἅτ
685 1182 948 1223 Cometarum
989 1191 1202 1232 compages
1237 1190 1318 1217 non
1358 1176 1427 1217 nifi
1463 1177 1626 1217 consilio
1664 1177 1705 1217 ἅτ
1735 1178 1921 1221 dominio

387 1236 504 1278 Entis
527 1236 787 1289 'intelligentis
817 1237 855 1274 ἅ
887 1234 1062 1287 potentis
1091 1230 1187 1272 oriri
1213 1231 1357 1284 potuit.
1416 1231 1467 1270 Et
1494 1231 1519 1270 si
1555 1230 1687 1271 Stellae
1722 1232 1812 1272 fixae
1845 1234 1919 1276 sint

390 1302 526 1331 centra
557 1291 737 1330 similium
765 1288 1039 1343 syvstematum3
1072 1286 1157 1326 haec
1188 1286 1322 1324 omnia
1349 1284 1458 1324 fimili
1486 1284 1649 1324 confilio
1676 1287 1921 1336 construela,

388 1344 576 1385 suberunt
604 1344 737 1384 vuius
762 1342 944 1382 dominio
965 1355 973 1381 :
1008 1339 1224 1393 praelertim
1249 1351 1342 1378 cum
1368 1339 1436 1377 lux
1453 1336 1643 1378 Fixarum
1671 1338 1715 1378 fit
1745 1340 1936 1392 ejusdem·

390 1408 541 1438 naturae
571 1411 616 1437 ac
645 1399 713 1438 lux
741 1398 867 1444 Solis,
895 1396 935 1436 &
964 1395 1168 1448 systemata
1197 1393 1330 1433 omnia
1358 1392 1490 1432 lucem
1518 1392 1558 1432 in
1588 1393 1721 1433 omnia
1744 1395 1919 1440 invicem.

389 1452 619 1492 immittant.
1048 1491 1052 1493 ,

446 1505 532 1547 Hic
557 1504 691 1546 omnia
709 1504 831 1556 regit,
859 1517 942 1544 non
972 1512 1015 1543 ut
1035 1501 1182 1542 Anima
1202 1500 1362 1547 mundi,
1390 1499 1456 1541 sed
1476 1509 1521 1540 ut
1540 1499 1811 1541 universorum
1832 1502 1920 1544 Do-

651 1558 811 1604 minus;
862 1559 904 1597 &
947 1567 1112 1611 propter
1156 1555 1380 1596 dominium
1419 1555 1530 1594 suum
1569 1553 1767 1603 Dominus
1807 1555 1919 1599 Deus

392 1610 601 1669 rJorjn-v’ersffi‘s]
652 1613 677 1638 ἧς
697 1613 932 1670 παντοκράτωρ
962 1612 1043 1651 dici
1069 1610 1179 1650 solet.
1235 1609 1338 1649 Nam
1365 1608 1483 1648 Deus
1509 1607 1563 1646 est
1590 1620 1670 1646 vox
1698 1609 1858 1650 relativa
1876 1613 1919 1652 &

650 1666 701 1705 ad
728 1665 858 1706 servos
885 1665 1058 1705 refertur
1079 1677 1089 1702 :
1118 1662 1159 1701 &
1183 1663 1337 1700 {Deitas
1361 1661 1416 1700 est
1436 1660 1657 1699 dominatio
1673 1660 1754 1700 Dei
1772 1676 1854 1703 non
1874 1666 1917 1706 in

392 1734 537 1776 corpus
560 1719 788 1774 proprium,
819 1717 905 1768 (uti
930 1717 1102 1755 sentiunt
1121 1714 1263 1766 quibus
1281 1713 1391 1752 Deus
1409 1712 1464 1752 est
1482 1713 1629 1752 Anima
1652 1712 1828 1768 Mundi)
1847 1718 1916 1759 sed

392 1778 432 1817 in
450 1777 597 1816 servos.
645 1772 764 1812 ‘Deus
780 1772 953 1822 stammas
969 1769 1026 1809 est
1043 1767 1125 1808 Ens
1146 1777 1360 1813 aeternum,
1388 1766 1608 1813 infinitum,
1635 1767 1808 1808 absolute
1827 1783 1916 1822 per-

390 1829 561 1873 fefium3
592 1825 660 1867 sed
678 1824 759 1864 Ens
786 1833 990 1875 utcunque
1019 1820 1241 1873 perfecium
1259 1820 1340 1860 fine
1367 1819 1571 1865 dominio,
1600 1832 1682 1859 non
1700 1820 1756 1859 est
1773 1823 1918 1865 Domi.

388 1898 461 1923 nus
476 1882 604 1921 Dens.
659 1877 840 1918 Dicimus
867 1876 973 1916 enim
990 1875 1109 1915 {Deus
1131 1887 1255 1920 meus,
1283 1875 1401 1912 ‘Deus
1425 1873 1569 1924 vester,
1597 1873 1715 1913 Deus
1732 1874 1917 1925 Israelis,-

388 1937 455 1977 {ed
476 1948 557 1975 non
576 1932 747 1973 dicimus
761 1930 987 1976 QAEternus
1003 1942 1125 1974 meus,
1153 1926 1379 1972 QAEternus
1395 1926 1773 1977 vestemcsiffternus
1790 1931 1918 1983 Istae-

391 1992 467 2036 tis3
496 2001 579 2028 non
599 1987 767 2026 dicimus
787 1984 974 2036 [nfinitus
991 1996 1115 2027 meus,
1144 1981 1329 2033 infinitus
1350 1980 1494 2031 vester,
1525 1980 1710 2032 infinitus
1726 1982 1912 2033 Israelis3

391 2056 474 2083 non
501 2041 668 2081 dicimus
693 2039 905 2092 Perfebius
930 2050 1053 2083 meus,
1082 2036 1296 2087 ‘PerfecJus
1321 2034 1446 2085 vester
1462 2065 1471 2080 ,
1500 2034 1713 2086 Perfecfi‘us
1740 2037 1914 2089 Israelis,

391 2095 474 2137 Hae
500 2095 779 2147 appellationes
803 2090 1034 2133 relationem
1053 2103 1134 2130 non
1152 2089 1297 2129 habent
1317 2087 1366 2127 ad
1384 2087 1526 2128 servos,
1586 2088 1680 2134 Vox
1700 2091 1814 2131 Deus
1832 2095 1916 2145 pas.

391 2148 461 2193 fim
480 2148 667 2200 fignificat
685 2147 917 2190 Dominum,
944 2144 1011 2184 sed
1032 2143 1159 2183 omnis
1182 2143 1378 2183 Dominus
1399 2153 1478 2181 non
1496 2141 1551 2181 est
1571 2141 1693 2183 Deus.
1722 2144 1931 2187 Domina-⁷

395 2203 453 2242 rio
474 2201 587 2241 Entis
605 2200 809 2254 spiritualis
828 2200 962 2238 Deum
978 2197 1183 2237 constituit
1198 2226 1208 2244 ‚
1238 2208 1331 2235 vera
1351 2208 1488 2234 verum
1501 2224 1511 2242 ,
1529 2195 1679 2236 summa
1697 2198 1911 2247 summum,

393 2255 478 2298 fieta
498 2254 645 2295 ficium.
680 2253 732 2294 Et
753 2267 803 2293 ex
821 2252 1095 2292 dominatione
1113 2264 1205 2291 vera
1223 2249 1419 2303 sequitur,
1451 2249 1742 2292 Deum‘verum
1763 2252 1838 2292 effe
1856 2254 1912 2293 vi·

394 2323 487 2354 vum
498 2338 510 2357 2
525 2308 812 2363 ¹intelligentem
829 2306 871 2348 ,ἃ
888 2316 1095 2360 potentem
1107 2322 1119 2351 ς
1133 2318 1195 2346 ⁴ex
1211 2302 1377 2358 reliquis.
1392 2302 1698 2356 perfeffionibus
1715 2305 1911 2400 summuiin

1832 2372 1854 2400 e
1886 2372 1915 2402 e
