2079 3033
389 163 736 208 PRINCIPIA
793 157 1351 225 MATHEMAVTICA.
1607 181 1678 224 159

180 243 418 300 Exponatur
444 246 622 300 corporis
651 245 692 286 T
709 245 894 286 attrafflo
920 245 1180 287 acceleratrix
1208 245 1339 286 versus
1368 242 1401 282 S
1427 255 1498 297 per
1527 247 1670 292 lineam
1688 244 1848 310 PL¹³¹³¹³

123 299 227 346 SN;
261 302 300 340 δε
323 301 348 341 fi
369 301 620 341 attrattiones
644 301 942 341 acceleratrices
962 301 1075 348 SM,
1102 299 1189 340 SN
1214 300 1383 354 aequales
1404 298 1550 347 effent;
1582 303 1665 353 hae,

123 355 322 396 trahendo
351 368 520 409 corpora
550 354 590 395 T
608 355 648 394 &
679 356 720 395 P
748 355 955 409 aequaliter
985 356 1024 396 ἃ
1055 354 1276 395 secundum
1304 355 1423 395 lineas
1443 357 1665 408 parallelas,

119 410 175 450 nil
196 419 396 450 mutarent
416 410 530 450 fitum
552 422 693 450 eorum
714 410 764 450 ad
787 410 972 452 invicem.
1027 409 1154 450 Iidem
1179 409 1259 462 jam
1285 409 1420 450 forent
1447 424 1666 465 corporum

119 464 282 505 illorum
312 474 444 504 motus
470 464 576 504 inter
604 464 643 505 se
673 466 771 518 (per
802 465 961 518 Legum
988 464 1128 505 Corol.
1156 467 1219 514 6.)
1249 477 1294 504 ae
1322 464 1350 505 fi
1378 464 1439 505 hae
1465 467 1667 509 attrafflo-

119 530 190 558 nes
213 519 459 558 tollerentur.
516 519 571 558 fit
596 519 681 571 pari
709 519 864 559 ratione
889 519 917 559 fi
944 518 1126 560 attratiio
1146 518 1177 557 S
1192 518 1246 558 N
1256 519 1388 558 minor
1406 518 1501 561 effet
1521 531 1666 564 attrac-

119 572 231 613 tione
258 572 377 619 SM,
407 573 566 613 tolleret
595 574 674 626 ipsa
701 573 946 614 attrattionis
976 572 1082 612 SM
1100 582 1255 626 partem
1283 572 1395 620 SN,
1426 573 1465 614 δε
1486 588 1667 619 maneret

117 639 205 681 pars
222 625 300 667 sola
321 627 447 675 MN,
475 640 551 679 qua
579 637 812 681 temporum
844 629 885 667 δε
904 640 1084 668 arearum
1113 628 1461 678 proportionalitas
1481 630 1521 670 &
1542 630 1665 679 Orbi-

116 691 169 721 tae
192 681 323 722 forma
352 682 417 722 illa
446 681 631 735 Elliptica
659 682 972 735 perturbaretur.
1030 681 1084 722 Et
1112 680 1288 738 similiter
1308 681 1336 721 fi
1356 683 1540 725 atti-aetio
1570 687 1602 726 S
1618 687 1674 728 N

114 735 240 788 major
267 736 361 776 effet
389 736 626 777 attractione
655 736 686 777 S
702 737 774 784 M,
803 736 977 776 oriretur
996 749 1048 776 ex
1076 733 1303 774 differentia
1322 737 1398 776 {ola
1429 740 1482 778 M
1498 739 1551 778 N
1573 753 1663 793 per-

113 790 288 831 turbatio
308 791 690 845 proportionalitatis
710 790 940 847 &Orbitae5
1001 790 1066 830 Sic
1093 801 1166 842 per
1193 787 1470 831 attraffionem
1492 793 1580 833 SN
1600 809 1662 835 re-

113 843 275 886 ducitur
294 845 450 898 semper
469 845 652 886 attratftio
672 846 791 887 tertia
808 845 989 898 superior
1017 844 1049 883 S
1069 842 1122 882 M
1144 842 1192 883 ad
1214 842 1493 886 attrattionem
1523 848 1579 887 M
1592 848 1659 897 N,

73 912 75 914 ’
110 899 345 940 attraffione
363 900 547 953 prima&
569 901 740 942 secunda
758 899 1010 941 manentibus
1031 897 1187 952 prorsus
1207 898 1448 939 immutatis:
1479 902 1519 940 δε
1537 914 1659 956 prop-

107 960 218 993 terea
243 966 346 994 areae
376 968 420 995 ac
449 965 632 1009 tempora
658 955 709 995 ad
738 953 1177 1009 proportionalitatem,
1208 952 1250 992 &
1277 951 1419 993 Orbita
1446 955 1589 995 ‘PAB
1607 958 1658 999 ad

105 1005 278 1048 formam
305 1009 509 1063 praefatam
535 1009 763 1063 Ellipticam
793 1020 879 1050 tum
907 1009 1081 1050 maxime
1105 1006 1305 1048 accedunt
1325 1036 1336 1054 ‚
1373 1008 1442 1048 ubi
1473 1010 1660 1052 attrafflo

104 1061 221 1100 MN
233 1062 294 1103 vel
315 1064 418 1104 nulla
435 1068 512 1112 ett,
539 1065 603 1104 vel
623 1077 742 1118 quam
769 1063 857 1104 fieri
884 1062 1004 1117 poffit
1034 1063 1221 1108 minima;
1254 1062 1334 1101 hoc
1362 1061 1440 1110 est,
1469 1064 1537 1104 ubi
1565 1079 1655 1107 cor-

104 1126 249 1169 porum
275 1117 318 1156 P
336 1119 377 1157 δε
397 1116 438 1158 T
456 1117 711 1159 attrat‘tiones
738 1119 1038 1159 accelerati-ines
1056 1146 1067 1164 ‚
1104 1116 1216 1157 fattae
1256 1115 1390 1157 versus
1429 1130 1575 1172 corpus
1605 1121 1676 1170 S,

104 1170 304 1212 accedunt
331 1181 527 1226 quantum
553 1171 640 1213 fieri
670 1173 800 1227 potest
827 1172 877 1212 ad
908 1172 1177 1227 aequalitatem
1200 1188 1209 1217 ;
1245 1170 1287 1210 id
1308 1170 1384 1218 est,
1409 1171 1477 1212 ubi
1509 1184 1655 1216 attrac-

103 1224 161 1264 tio
190 1224 222 1265 S
239 1225 289 1265 N
310 1227 468 1268 nonest
493 1229 619 1275 nulla,
646 1240 780 1283 neque
805 1227 939 1268 minor
966 1226 1130 1268 minima
1158 1224 1442 1267 attraffionum
1467 1229 1653 1271 omniumr

102 1278 232 1323 SM,
269 1279 348 1321 sed.
376 1281 479 1321 inter
516 1282 799 1327 attrafflonum
836 1283 1020 1323 omnium
1055 1280 1089 1321 S
1103 1282 1156 1321 M
1193 1281 1409 1321 maximam
1451 1282 1490 1321 δι
1530 1284 1649 1324 mini-

102 1345 209 1374 mam
227 1332 335 1388 quafi
351 1335 588 1384 mediocris,
617 1336 696 1388 hoe
727 1335 807 1381 est,
837 1348 921 1377 non
948 1336 1078 1377 multo
1108 1335 1234 1388 major
1259 1348 1393 1390 nequ-e
1425 1337 1553 1378 multo
1572 1339 1648 1379 mi-

100 1400 178 1430 nor
197 1387 433 1429 attrattione
462 1389 493 1429 S
507 1390 558 1429 K.
615 1388 668 1445 Q
684 1390 735 1433 E.
756 1389 817 1429 D

155 1443 245 1495 Cas
260 1458 298 1484 2.
325 1443 605 1484 Revolvantur
631 1447 709 1496 jam
738 1456 909 1497 corpora
934 1445 1089 1484 minora
1118 1445 1160 1482 P
1177 1471 1189 1489 ‚
1224 1443 1257 1481 S
1288 1444 1395 1483 circa
1424 1445 1660 1488 maximum

99 1496 141 1537 T
159 1497 202 1538 in
219 1497 342 1549 planis
362 1497 546 1543 diverfim
580 1498 620 1536 δε
642 1497 701 1538 vis
729 1496 855 1543 LM,
886 1496 1044 1550 agendo
1067 1495 1288 1536 secundum
1315 1496 1459 1536 lineam
1480 1499 1522 1537 P
1540 1499 1644 1541 Tin

100 1552 218 1604 plano
237 1550 393 1591 Orbitae
413 1552 555 1591 PAB
574 1551 708 1594 sitam,
737 1551 913 1592 eundem
942 1550 1100 1591 habebit
1127 1549 1314 1590 effestum
1342 1564 1387 1590 ae
1413 1551 1541 1604 prius,
1570 1566 1641 1593 ne-

99 1617 180 1658 que
197 1618 343 1658 corpus
363 1605 406 1644 P
424 1605 475 1644 de
495 1607 611 1657 plano
632 1605 788 1644 Orbitae,
809 1606 885 1643 suae
908 1603 1148 1642 deturbabit.
1206 1605 1262 1642 At
1285 1603 1342 1643 vis
1361 1604 1481 1644 altera
1502 1605 1556 1644 N
1569 1608 1645 1655 M,

98 1659 257 1711 agendo
283 1658 504 1698 secundum
531 1659 673 1697 lineam
703 1670 793 1710 quae
820 1657 890 1709 ipsi
912 1655 994 1696 ST
1015 1656 1195 1709 parallela
1223 1656 1306 1701 est,
1349 1659 1496 1711 (atque
1517 1660 1661 1709 aden,-

52 1712 55 1715 '
96 1712 260 1766 quando
288 1724 435 1763 corpus
474 1710 713 1751 S*versatur
751 1721 864 1752 extra
891 1711 1036 1751 lineam
1064 1709 1310 1757 Nodorum,
1351 1712 1561 1754 inclinatur
1592 1716 1643 1756 ad

96 1766 256 1820 planum
276 1765 432 1807 Orbitae
451 1766 643 1816 PAB3)
677 1776 824 1819 praeter
852 1764 1195 1819 perturbationem
1224 1774 1358 1804 motus
1379 1766 1418 1805 in
1440 1766 1644 1821 Longitu-

94 1820 232 1861 dinem
263 1821 340 1871 jam
355 1830 446 1860 ante
466 1820 705 1874 expositam,
734 1821 900 1860 inducet
926 1818 1271 1872 perturbationem
1301 1830 1434 1859 motus
1461 1821 1502 1861 in
1532 1822 1643 1863 Lati-

95 1873 300 1923 tudinem,
326 1874 524 1915 trahendo
552 1887 697 1928 corpus
728 1875 770 1914 P
797 1874 849 1914 de
875 1874 994 1927 plano
1022 1873 1100 1913 suae
1119 1873 1295 1914 orbitae.
1353 1873 1406 1913 Et
1434 1874 1519 1915 haec
1549 1889 1641 1929 per=

96 1927 294 1975 turbatio,
323 1927 364 1967 in
385 1927 639 1982 datoquovis
660 1942 877 1982 corporum
907 1929 948 1968 P
969 1928 1008 1967 &
1027 1927 1067 1967 T
1090 1929 1138 1968 ad
1166 1929 1339 1969 invicem
1369 1928 1465 1975 firu,
1495 1931 1570 1969 erit
1597 1942 1642 1972 ut

93 1981 153 2022 vis
178 1982 240 2021 ina
266 1994 458 2034 generans
489 1982 622 2030 MN,
652 1983 838 2037 adeoque
865 1982 1031 2022 minima
1062 1983 1204 2023 evadet
1226 1982 1292 2023 ubi
1316 1983 1366 2021 M
1382 1982 1500 2023 Nest
1523 1985 1639 2025 mini-

94 2048 183 2083 ma,
209 2035 288 2076 hoc
305 2035 361 2076 est
383 2036 456 2086 (uti
472 2035 551 2089 jam
570 2038 756 2090 exposui)
778 2037 845 2078 ubi
873 2036 1055 2077 attraetio
1082 2036 1114 2075 S
1132 2037 1185 2076 N
1205 2049 1288 2077 non
1317 2036 1375 2076 est
1399 2038 1528 2077 multo
1556 2051 1661 2079 maw-

87 2089 175 2144 jor,
208 2103 341 2145 neque
360 2092 488 2131 multo
507 2093 639 2132 minor
658 2092 892 2132 attraffione
915 2091 944 2130 S
960 2092 1012 2131 K.
1074 2090 1126 2148 Q
1143 2092 1194 2131 E.
1215 2093 1284 2131 D-

149 2145 272 2185 Corol.
300 2160 331 2184 ι.
360 2143 422 2185 Ex
448 2145 504 2185 his
535 2146 648 2186 facile
677 2147 876 2200 colligitur
905 2146 1015 2198 quod
1037 2174 1048 2193 ,
1084 2150 1109 2187 ii
1138 2158 1310 2198 corpora
1338 2146 1449 2198 plura
1477 2146 1653 2189 minora·

93 2200 157 2247 P,
176 2201 224 2242 S.
252 2199 314 2245 R,
344 2199 421 2239 &a
458 2201 709 2241 revolvantur
739 2202 843 2241 circa
871 2201 1089 2241 maximum
1119 2200 1170 2247 T,
1200 2211 1332 2240 motus
1361 2203 1543 2253 corporis
1574 2202 1635 2242 in-

91 2253 180 2294 timi
207 2253 249 2292 P
278 2253 441 2293 minime
471 2254 764 2304 perturbabitur
794 2253 1094 2296 artrafflonibus
1126 2255 1373 2295 exteriorum
1393 2285 1404 2301 ,
1438 2255 1504 2294 ubi
1542 2269 1655 2295 core<

91 2320 164 2360 pus
193 2308 413 2348 maximum
442 2308 481 2349 T
500 2310 646 2362 pariter
665 2324 686 2349 a
707 2311 886 2355 caeteris,
923 2322 997 2360 pro
1026 2310 1180 2350 ratione
1209 2310 1353 2350 virium
1382 2310 1653 2350 accelerati-iffi

31 2404 36 2407 ,
92 2374 208 2412 cum,
235 2361 445 2405 attrahitur
467 2364 505 2404 ἃ
527 2366 697 2418 agitatur
716 2374 836 2420 atque
856 2373 1001 2405 caetera
1021 2378 1042 2405 a
1061 2365 1277 2406 semutuO.
1295 2399 1299 2402 .

1507 2416 1636 2459 carol,
1650 2449 1656 2454 .

1713 293 1747 313 tu
1762 294 1848 313 MUS-
