2079 3033
211 258 259 293 DE
279 263 376 291 Moru

211 299 296 337 Corra
302 310 384 329 onum
391 319 400 332 ‚

406 179 482 213 312
530 127 533 128 ⁷
717 163 748 202 p
764 156 1208 201 HILOSOPHIAE
1264 157 1667 202 NATURA-ms

466 245 506 285 Si
535 241 746 296 longitudo
774 239 958 293 Cylindri
986 249 1175 292 augeatur
1200 240 1262 281 vel
1290 241 1516 281 minuatur:
1560 249 1693 286 motus
1719 242 1799 293 ejus
1826 254 1870 286 ut
1897 243 1940 286 δε

414 310 570 352 tempus
601 308 683 349 quo
712 294 977 347 quadruplum
1006 293 1265 345 longitudinis
1292 294 1370 334 suae
1394 293 1612 340 describit,
1644 296 1849 347 augebitur
1878 300 1943 339 vel

406 354 611 394 minuetur
630 351 670 388 in
689 348 830 388 eadem
860 348 1044 393 ratione;
1075 347 1259 401 adeoque
1288 348 1345 388 vis
1364 347 1426 387 illa
1455 359 1534 400 qua
1562 356 1695 387 motus
1721 349 1852 391 anetus
1877 354 1941 393 vel

409 408 626 447 diminutus
645 431 655 448 ‚
685 412 869 454 tempore
899 402 1045 454 pariter
1070 401 1187 441 aufto
1212 402 1276 441 vel
1304 400 1503 441 diminuto
1524 429 1534 447 ‚
1573 402 1751 454 generari
1780 405 1842 443 vel
1861 399 1942 445 'tol-

408 463 435 501 li
464 457 604 512 potiit,
632 468 711 495 non
742 456 992 499 mutabitur;
1033 469 1085 494 ac
1116 455 1284 508 proinde
1319 455 1537 494 etiamnum
1575 455 1732 508 aequalis
1770 456 1826 495 est
1853 459 1942 498 refi-

406 513 556 554 ssentiae
586 509 768 563 Cylindri
791 537 802 555 ,
840 522 931 549 narn
960 509 1000 549 δέ
1029 509 1113 549 haec
1144 522 1306 563 quoque
1335 509 1540 549 immutata
1568 519 1701 549 manet
1728 521 1799 562 per
1819 510 1943 552 Lem-

405 580 468 607 ma
491 578 548 606 ιν.

460 619 502 660 Si
529 617 696 658 densitas
724 616 908 668 Cylindri
937 618 1126 670 augeatur
1155 616 1219 657 vel
1241 616 1439 656 minuatur
1461 635 1469 657 ε
1499 626 1632 656 motus
1657 616 1739 669 ejus
1762 617 1942 660 ut&Vis

405 686 484 720 oua
523 682 656 712 motus
694 672 841 712 eodem
872 681 1056 721 tempore
1082 671 1262 723 generari
1289 670 1351 709 vel
1381 671 1468 710 tolli
1495 670 1625 723 potest
1652 699 1663 717 ,
1718 671 1758 710 in
1800 672 1943 713 eadem

405 721 559 767 ratione
585 726 794 778 augebitur
818 725 881 764 vel
911 725 1124 764 minuetur.
1182 723 1419 764 Resistentia
1447 724 1581 777 itaque
1605 724 1789 776 Cylindri
1818 725 1944 777 cujus-

406 793 568 832 cunque
588 781 663 818 erit
682 778 731 817 ad
752 777 847 819 Vim
867 791 945 831 qua
964 788 1072 818 totus
1090 777 1171 830 ejus
1191 788 1322 818 motus
1341 805 1352 823 ‚
1378 777 1529 817 interea
1555 777 1653 816 dum
1675 778 1942 830 quadruplum

406 832 665 886 longitudinis
685 831 768 879 suae,
783 831 989 877 describit,
1018 833 1078 870 vel
1108 831 1286 883 generari
1314 828 1432 881 poffit
1458 831 1521 869 vel
1548 830 1665 875 tolli,
1702 840 1746 870 ut
1776 831 1943 873 denfitas

403 886 537 930 Medii
557 885 605 925 ad
626 884 858 925 densitatem
880 884 1062 936 Cylindri
1082 882 1398 936 quamproxime.
1460 883 1514 939 Q
1539 882 1590 922 E.
1619 883 1680 923 D
1821 895 1824 897 ’

455 939 645 980 fluidum
674 949 805 978 autem
835 937 1048 989 comprimi
1076 937 1197 977 debet
1226 945 1269 976 ut
1299 934 1343 975 sit
1382 941 1619 976 continuum
1638 965 1650 983 ‚
1705 938 1943 980 continuum

403 1007 502 1034 vero
523 992 599 1033 effe
621 993 658 1032 δέ
675 1003 762 1031 *non
781 989 981 1029 elasticum
1008 1001 1052 1029 ut
1079 989 1224 1043 pressio
1253 989 1382 1029 omnis
1411 1003 1501 1043 quae
1528 990 1684 1050 cib-ejus
1712 993 1953 1045 compreffi«

381 1055 386 1056 ⁷
407 1061 485 1089 one
505 1047 631 1086 oritur
649 1053 892 1098 propagetur
911 1043 951 1082 in
970 1043 1124 1085 instanti
1148 1044 1188 1083 δε
1207 1073 1229 1091 ,,
1254 1043 1294 1082 in
1324 1055 1462 1083 omnes
1493 1054 1593 1083 moti
1613 1046 1792 1097 corporis
1813 1057 1944 1099 partes

408 1100 611 1154 aequaliter
637 1097 798 1151 agendo
816 1126 827 1143 ,
864 1096 1119 1137 resistentiam
1147 1110 1230 1138 non
1261 1106 1403 1137 mutet.
1458 1096 1612 1137 Pressio
1640 1100 1780 1151 utique
1806 1112 1895 1153 quae
1923 1115 1944 1141 a

408 1164 524 1195 motu
552 1152 733 1205 corporis
762 1152 889 1191 oritur
912 1179 923 1196 ,
950 1151 1196 1204 impenditur
1223 1151 1263 1191 in
1293 1160 1449 1190 motum
1478 1150 1649 1203 partium
1679 1150 1794 1192 fluidi
1824 1165 1944 1205 gene-

406 1207 579 1248 randum
609 1209 648 1245 ὅς
683 1204 959 1245 Refistentiatn
987 1215 1106 1245 creat.
1161 1204 1314 1245 Preffio
1341 1213 1474 1243 autem
1501 1216 1592 1256 quae
1627 1204 1754 1244 oritur
1781 1219 1803 1245 a
1832 1219 1945 1246 coma

405 1260 604 1313 preliione
624 1258 761 1306 fluidi,
787 1269 993 1311 utcunque
1012 1257 1126 1298 fortis
1147 1257 1213 1301 sit,
1251 1258 1278 1297 si
1305 1266 1549 1309 propagetur
1576 1255 1619 1296 in
1642 1256 1829 1305 instanti,
1856 1261 1944 1300 nul-

406 1310 491 1355 lum
509 1322 670 1365 generat
690 1321 846 1352 motum
871 1312 911 1351 in
941 1311 1116 1364 partibus
1145 1310 1259 1350 fluidi
1289 1310 1493 1355 continui,
1521 1309 1665 1350 nullam
1693 1312 1860 1352 omnino
1888 1313 1946 1354 in-

406 1367 519 1408 ducit
550 1376 681 1407 motus
709 1365 997 1408 mutationem;
1028 1363 1204 1417 ideoque
1235 1362 1489 1404 resistentiam
1517 1375 1593 1403 nec
1623 1373 1742 1416 auget
1769 1378 1843 1406 nec
1872 1367 1947 1407 mi-

407 1422 505 1461 nuit.
562 1419 686 1459 Certe
716 1417 837 1458 Aetio
867 1416 1005 1464 fluidi,
1033 1430 1123 1471 quae
1145 1417 1193 1457 ab
1212 1418 1293 1470 ejus
1315 1415 1607 1468 compressione
1625 1419 1772 1466 oritur,
1799 1419 1945 1461 fortior

410 1474 488 1514 effe
516 1471 599 1512 non
628 1472 758 1525 potest
784 1471 825 1512 in
854 1480 983 1523 partes
1013 1471 1179 1524 posticas
1207 1471 1387 1523 corporis
1415 1471 1515 1510 moti
1545 1483 1664 1523 quam
1692 1474 1735 1512 in
1760 1472 1840 1522 eius
1860 1486 1948 1527 par-

405 1539 468 1568 tes
496 1526 668 1572 anticas,
699 1525 876 1578 ideoque
911 1525 1167 1566 resistentiam
1204 1526 1245 1566 in
1281 1526 1354 1565 hac
1393 1524 1669 1578 propositione
1707 1525 1946 1579 descriptam

407 1582 588 1622 minuere
615 1591 697 1619 non
726 1579 881 1629 potest:
914 1578 955 1617 &
983 1579 1128 1618 fortior
1153 1591 1234 1619 non
1263 1579 1337 1618 erit
1365 1577 1405 1616 in
1435 1587 1564 1630 partes
1593 1579 1741 1619 anticas
1768 1593 1886 1633 quam
1903 1582 1946 1621 in

406 1635 594 1689 posticas,
619 1631 647 1672 fi
678 1631 801 1671 modo
829 1635 1065 1683 propagatio
1094 1630 1176 1681 ejus
1204 1631 1358 1669 infinite
1387 1631 1566 1669 velocior
1593 1630 1640 1669 fit
1667 1644 1944 1683 quammotus

412 1687 591 1740 corporis
628 1683 757 1735 preffi.
813 1683 970 1723 Infinite
1007 1693 1141 1722 autem
1180 1682 1358 1721 velocior
1394 1683 1469 1720 erit
1507 1682 1548 1720 δε
1586 1685 1868 1736 propagabitur
1903 1688 1945 1728 in

410 1740 589 1786 instanti,
616 1738 644 1778 fi
672 1737 797 1777 modo
825 1735 998 1776 fluidum
1025 1735 1071 1776 sit
1100 1736 1336 1776 continuum
1351 1735 1406 1776 r&
1434 1747 1517 1775 non
1543 1735 1756 1779 elasticum.

463 1848 585 1888 Corol.
616 1861 646 1887 1.
674 1844 984 1897 Cylindrorum,
1012 1844 1081 1898 qui
1099 1844 1314 1885 secundum
1345 1844 1613 1898 longitudines
1632 1845 1716 1885 suas
1735 1845 1775 1888 in
1793 1848 1945 1891 Mediis

408 1901 609 1942 continuis
627 1899 789 1940 infinitis
809 1898 1063 1939 uniformiter
1083 1899 1394 1951 progrediuntur
1413 1927 1424 1945 ,
1461 1898 1684 1939 refistentiae
1708 1901 1795 1941 sunt
1816 1903 1857 1943 in
1883 1917 1944 1944 ra-

407 1957 520 1996 tione
548 1966 638 2007 quae
656 1952 913 2005 componitur
932 1965 982 1992 ex
1009 1951 1207 2003 duplicata
1235 1953 1388 1993 ratione
1414 1952 1673 1993 velocitatum
1700 1954 1740 1995 &
1767 1955 1946 2010 duplica-

409 2020 449 2049 ta
467 2008 620 2048 ratione
638 2006 925 2047 diametrorum
946 2005 987 2045 &
1006 2007 1161 2046 ratione
1179 2005 1379 2046 densitatis
1397 2004 1644 2048 Mediorum.

461 2061 583 2101 Corol.
616 2076 647 2100 2.
675 2060 715 2100 Si
731 2059 954 2114 amplitudo
973 2060 1113 2100 canalis
1132 2072 1212 2100 non
1232 2069 1419 2112 augeatur
1438 2059 1478 2099 in
1498 2060 1697 2102 infinitum
1718 2090 1730 2110 ,
1766 2063 1831 2105 sed
1862 2064 1946 2119 Cy..

408 2115 559 2155 lindrus
575 2115 616 2154 in
636 2112 782 2154 Medio
811 2113 1039 2166 quiescente
1068 2113 1220 2155 incluso
1257 2113 1476 2153 secundum
1512 2114 1809 2167 longitudinem
1836 2119 1944 2160 suam

407 2167 710 2221 progrediatur,
740 2167 779 2206 δι
800 2168 952 2207 interea
968 2167 1049 2207 axis
1076 2168 1158 2220 ejus
1187 2180 1278 2208 cum
1305 2179 1377 2207 axe
1403 2167 1546 2207 canalis
1572 2168 1803 2211 coincidat:
1832 2172 1945 2214 Resi-

408 2221 548 2262 stentia
577 2220 659 2267 eius
688 2221 764 2260 erit
794 2220 843 2261 ad
873 2223 955 2261 vim
983 2234 1060 2275 qua
1089 2230 1202 2262 totus
1231 2223 1314 2275 ejus
1342 2225 1498 2267 motUS,
1528 2234 1611 2272 quo
1639 2231 1821 2277 tempore
1847 2239 1948 2280 qua.

411 2275 603 2326 druplum
633 2274 892 2327 longitudinis
920 2275 997 2315 suae
1027 2275 1216 2316 describit
1237 2304 1248 2322 ,
1288 2275 1350 2315 vel
1370 2275 1570 2326 «generari
1597 2275 1717 2329 poffit
1745 2281 1805 2320 vel
1834 2279 1948 2327 tolli,

408 2330 453 2371 in
483 2328 636 2369 ratione
666 2340 756 2382 quae
786 2329 1047 2382 componitur
1076 2342 1128 2372 ex
1154 2330 1309 2371 ratione
1337 2327 1458 2384 EFq
1487 2328 1536 2371 ad
1561 2329 1603 2371 E
1622 2330 1701 2385 Fq
1718 2334 1948 2390 -ssPQq

1829 2387 1948 2429 semel
