2079 3033
473 158 825 204 PRINCIPIA
853 134 1412 210 MATHEMATICA:
1630 174 1705 228 ‘469

166 241 288 299 planis
314 241 485 298 Orbium
514 243 777 285 Cometarum
806 255 878 296 per
907 244 1041 285 Solem
1067 246 1356 289 transeuntibus
1386 247 1564 302 jacentes
1583 280 1594 299 ‚
1634 254 1705 296 de-
1724 263 1771 293 Lx
1789 267 1877 294 nni

113 346 120 352 =
164 299 272 339 viant
306 297 353 338 ab
389 297 640 351 oppositione
675 297 775 338 Solis
809 299 850 339 in
888 301 957 339 eas
986 299 1140 353 semper
1177 311 1339 353 parteS‚
1383 316 1478 357 quas
1505 306 1634 357 capita
1659 308 1702 351 in
1724 301 1773 331 TE
1786 303 1915 338 1³1qu

163 351 339 394 Orbibus
385 352 457 392 illis
503 351 1083 406 progredientiarelinquunt.
1148 355 1276 408 Quod
1314 358 1525 409 spet‘iatori
1561 360 1604 401 in
1641 361 1699 404 his

163 407 287 460 planis
323 406 542 446 constituto
578 414 769 459 apparent
806 406 851 447 in·
876 407 1052 460 partibus
1080 421 1102 448 a
1127 408 1220 449 Sole
1244 409 1395 452 diret‘ize
1422 413 1592 461 aversis;
1639 415 1700 457 di-

163 460 374 514 grediente
412 470 546 500 autem
581 458 801 514 speetatore
829 459 880 501 de
913 460 974 502 his
998 462 1148 513 planis,
1193 462 1373 506 deviatio
1401 467 1594 518 paulatim<
1614 469 1699 511 sen-

164 515 264 555 titur
285 544 297 562 ,
346 514 387 554 δε
426 514 554 554 indies
588 523 750 567 apparet
786 514 929 567 major..
989 515 1115 570 Quod
1147 516 1322 558 deviatio
1355 521 1509 561 caeteris
1542 523 1699 575 paribus

157 568 291 610 minor
318 567 374 608 est
401 567 473 606 ubi·
498 567 624 607 cauda
651 567 851 620 obliquior
879 573 936 609 est
962 569 1011 610 ad
1041 569 1196 611 Orbem
1225 571 1410 614 Cometae
1432 603 1443 622 ‚
1487 585 1532 616 ut
1561 577 1602 616 &
1630 579 1698 620 ubi

156 631 277 675 caput
309 621 496 661 Cometae
530 619 580 658 ad
608 618 746 677 Solem
770 623 933 672 propius
959 624 1149 672 accedit3
1198 626 1416 676 praesertim
1444 628 1471 669 fi
1498 629 1697 682 speetetur

155 673 393 717 deviationis
433 671 598 725 angulus
634 682 743 718 iuxta
777 684 897 725 caput
930 675 1129 718 Cornetae.
1187 678 1388 722 Praeterea
1415 685 1528 736 quod
1554 685 1694 727 caudae

154 741 238 771 non
256 727 461 768 deviantes
479 734 669 779 apparent
687 722 834 785 reffle,
857 725 1065 769 deviantes
1089 741 1224 783 autern
1240 734 1509 778 incurvantur.
1566 738 1695 793 Quod

154 791 365 824 curvatura
391 780 516 834 major
546 778 603 820 est
629 778 699 820 ubi
726 791 856 829 major
880 780 936 821 est
962 780 1161 830 deviatio,
1201 786 1242 825 δε
1264 789 1386 840 magis
1414 789 1598 833 senfibilis
1625 795 1694 836 ubi

155 837 283 878 cauda
322 835 476 875 caeteris
513 832 677 887 paribus
704 833 864 886 longior
897 833 953 875 est
975 848 992 875 :v
1022 847 1114 877 nam
1139 837 1181 884 in
1209 837 1456 882 brevioribus
1482 857 1697 889 curvatura

153 903 261 944 aegre
295 887 636 930 animadvertitur.
701 887 830 947 Quod
867 887 1104 931 deviationis
1136 892 1301 945 angulus
1338 893 1469 935 minor
1503 897 1558 937 est
1584 899 1696 950 juxta

155 954 275 998 caput
301 943 489 984 Cometae
510 971 523 990 ,
560 941 686 995 major
710 951 822 994 Juxta
848 943 987 984 caudae
1014 946 1314 987 extremitatem
1341 948 1505 991 alteram
1525 984 1534 997 ,
1573 964 1694 1007 atque

154 997 407 1052 adeo-quod
446 995 573 1037 cauda
607 1008 795 1036 convexo
827 996 884 1037 sui
915 997 1038 1038 latere
1066 1009 1199 1052 partes
1236 1000 1394 1052 respicit
1428 1017 1449 1043 a
1480 1005 1623 1058 quibus
1649 1008 1697 1049 fit

154 1053 355 1098 deviatio,
384 1062 557 1104 quaeque
583 1050 624 1090 in
649 1048 757 1090 refla
784 1048 872 1091 sunt
903 1051 1005 1092 linea
1032 1065 1053 1092 a
1079 1052 1172 1094 Sole
1199 1065 1271 1107 per
1300 1065 1419 1109 caput
1445 1057 1633 1102 Cometae
1658 1064 1700 1105 in

153 1106 356 1149 infinitum
385 1104 519 1145 dufia.
578 1102 633 1144 Et
657 1103 771 1156 quod
794 1104 932 1145 caudae
959 1118 1050 1160 quae
1076 1107 1315 1160 prolixiores
1344 1110 1432 1151 sunt
1458 1112 1498 1152 δε
1518 1113 1701 1164 latiores,

154 1160 200 1202 δε
238 1162 328 1202 luce
362 1159 571 1212 vegetiore
609 1158 757 1199 micant
778 1184 790 1202 ‚
835 1158 908 1199 sint
944 1160 993 1200 ad
1024 1162 1143 1202 latera
1172 1174 1357 1204 convexa·
1381 1167 1500 1217 paulo
1528 1166 1699 1220 splendi-

151 1216 286 1257 diores
324 1213 366 1253 &
401 1213 527 1254 limite
563 1212 693 1253 minus
730 1212 962 1254 indistinete
998 1216 1223 1256 terminatae
1260 1228 1379 1270 quam
1418 1219 1467 1259 ad
1506 1233 1696 1265 concava.
1743 1219 1749 1225 ’

150 1269 338 1312 Pendent
376 1267 498 1320 igitur
526 1266 798 1307 Phaenomena
825 1267 963 1321 caudae
993 1283 1014 1310 a
1042 1281 1158 1315 motu
1186 1271 1325 1324 capitis
1346 1301 1358 1320 ,
1402 1285 1485 1314 non
1514 1285 1648 1317 aut-em
1675 1291 1698 1319 a

151 1319 320 1376 regione
347 1320 444 1362 coeli
467 1322 612 1374 inqua
640 1331 759 1373 caput
786 1321 1051 1375 conspicitur3
1086 1324 1125 1364 δε
1154 1335 1367 1378 propterea
1395 1339 1477 1375 non
1496 1328 1596 1370 fiunt
1613 1343 1694 1384 per

151 1376 433 1420 refrafiionem
472 1375 703 1423 coetorum,
747 1374 817 1415 sed
855 1388 875 1415 a
908 1377 1037 1430 capite
1072 1377 1351 1431 suppeditante
1378 1383 1584 1424 materiam
1612 1385 1693 1426 ori-

151 1442 286 1474 untur.
351 1429 518 1471 Etenim
552 1440 594 1470 ut
632 1428 676 1469 in
697 1428 810 1476 Aere
843 1429 986 1471 nostro-
1012 1431 1144 1472 fumus
1172 1433 1355 1486 corporis
1381 1433 1551 1487 cujusvis
1576 1437 1699 1490 igniti*

148 1486 252 1542 petit
288 1484 520 1538 superiora,
568 1482 691 1536 idque
727 1484 790 1529 vel
827 1484 1212 1537 perpendiculariter
1248 1486 1276 1526 fi
1313 1500 1458 1542 corpus
1487 1490 1663 1543 quiescat
1679 1521 1701 1541 ‚2

147 1542 212 1582 vel
242 1539 405 1593 oblique
435 1538 463 1578 fi
489 1543 635 1591 corpus
666 1546 875 1578 moveatur
898 1539 940 1578 in
968 1540 1066 1580 latus
1086 1553 1094 1580 :
1111 1540 1178 1580 'ita
1205 1540 1247 1581 in
1265 1540 1394 1583 Coelis
1423 1542 1491 1584 ubi
1518 1557 1690 1598 corpora

138 1595 347 1648 ‘gravitant
376 1593 418 1632 in
445 1592 602 1640 Solem,
632 1590 733 1632 fumi
762 1592 803 1631 ἃ
831 1604 996 1645 vapores
1023 1593 1237 1634 ascendere
1260 1594 1410 1637 debent
1439 1599 1460 1637 a
1486 1597 1578 1638 Sole
1609 1600 1696 1646 (utiz

142 1650 224 1703 jam
252 1648 404 1689 dietum
450 1645 540 1695 est)
566 1646 607 1684 &
636 1645 837 1698 superiora
865 1646 929 1686 vel
956 1646 1061 1687 re6³ta
1089 1658 1228 1700 petere
1247 1678 1257 1695 ‚
1301 1648 1337 1688 fi>
1356 1663 1501 1704 corpus
1530 1651 1697 1696 fumans

79 1718 82 1719 ⁷
145 1702 336 1758 quiescit;
375 1699 436 1740 vel
463 1698 648 1753 oblique,
671 1697 711 1738 'fi
736 1711 882 1752 corpus
909 1700 1334 1753 progrediendoloca
1353 1703 1509 1756 semper-
1540 1706 1688 1749 deserit

116 1771 170 1804 ⁹-Qa
196 1756 339 1810 quibus
374 1753 597 1806 superiores
627 1752 785 1807 vaporis
813 1762 945 1806 partes
973 1753 1253 1796 ascenderant„
1301 1755 1355 1796 Et
1381 1757 1594 1810 obliquitas
1618 1761 1695 1803 ista·

107 1810 278 1851 “minor
315 1809 390 1848 erit
426 1807 495 1847 ubi
531 1807 709 1847 aseensus
738 1808 895 1859 vaporis
923 1808 1106 1848 velocior
1131 1807 1186 1849 est
1207 1822 1231 1861 ε7
1256 1809 1444 1864 nimirum
1471 1812 1522 1853 in·
1542 1813 1688 1857 vicinia

146 1863 248 1905 Solis
287 1862 328 1901 δε
363 1861 474 1913 J'uxta
515 1871 660 1911 corpus
694 1859 860 1900 fumans.
924 1860 996 1901 Ex:
1018 1861 1264 1915 obliquitatis
1291 1874 1426 1906 autem
1455 1865 1686 1911 diversitate

145 1913 420 1960 incurvabitur
456 1913 614 1964 vaporis
649 1912 836 1953 columna
858 1926 876 1953 :.
906 1913 948 1954 δε
984 1915 1076 1969 quia
1104 1917 1299 1969 vapor-in
1330 1920 1529 1960 columnae
1564 1921 1700 1964 latere·

142 1969 402 2026 praecedente
434 1966 553 2020 paulo
587 1966 788 2007 recentior
825 1966 909 2015 est,
952 1967 1053 2009 ideo·
1082 1969 1203 2011 etiarn
1239 1972 1271 2012 is
1305 1972 1455 2013 ibidem
1485 1974 1699 2026 aliquanto*

144 2024 303 2067 densior
328 2025 429 2067 erit,
457 2021 670 2071 lucemque
696 2028 910 2074 propterea
938 2023 1133 2075 eopiofius
1161 2024 1366 2073 refleffien
1395 2027 1435 2066 &
1463 2027 1590 2067 limite
1610 2031 1685 2071 mi-

142 2092 218 2121 nus
252 2074 489 2118 indistinsto
514 2074 801 2117 terminabitur.
866 2074 932 2117 De
966 2076 1197 2119 Caudarum
1233 2079 1513 2131 agitationibus
1539 2081 1684 2124 subita-

143 2133 229 2176 neis
257 2131 297 2172 &
324 2128 487 2170 incertis
505 2156 517 2174 ,
553 2127 686 2182 deque
711 2141 847 2169 earum
874 2128 1009 2182 figuris
1036 2131 1343 2186 irregularibus,
1377 2147 1472 2186 quas
1501 2138 1692 2179 nonnulli·

143 2185 389 2241 quandoque
424 2181 683 2229 describunt,
729 2182 795 2223 hic
833 2182 930 2224 nihil
958 2183 1135 2236 adjicio}
1183 2197 1398 2240 propterea
1427 2189 1538 2240 quod
1571 2192 1632 2231 v-el
1660 2205 1683 2232 a

141 2238 431 2283 mutationibus
470 2235 585 2276 Aeris
621 2235 773 2282 nostri,
820 2236 866 2276 &
900 2239 1074 2279 motibus
1108 2240 1275 2281 nubium
1302 2241 1446 2281 caudas
1475 2243 1604 2297 aliqua
1630 2257 1683 2286 ex

141 2305 255 2350 parte
292 2289 584 2332 obscurantium
619 2291 833 2336 oriantu1:;
883 2292 943 2331 vel
981 2291 1088 2332 forte
1116 2307 1138 2334 a
1167 2295 1349 2347 partibus
1373 2295 1462 2337 Viae
1493 2296 1695 2345 Latfeaer

140 2362 231 2403 quae
260 2359 353 2387 curn
382 2344 517 2388 caudis
545 2344 878 2395 praetereuntibus
905 2345 1108 2387 confundi²
1127 2348 1298 2401 potunt,
1327 2363 1383 2391 ac*
1402 2360 1589 2404 tanquam
1620 2364 1696 2391 eat--

138 2416 230 2446 rum
252 2410 381 2457 partes
402 2397 590 2453 spefflari..
698 2441 700 2443 ,
959 2399 1071 2441 Nnn
1100 2414 1123 2448 3.
1557 2402 1705 2458 vapos„
