2079 3033
211 261 259 291 Dr.
280 259 395 288 Momm

397 158 473 211 384
711 142 1198 193 PHILOSOPHIAE
1255 140 1665 203 NATURALIS

459 237 564 280 Haec
600 236 653 277 ita
682 234 720 275 se
758 232 904 272 habent
932 243 983 271 ex
1009 226 1221 289 hypothesi
1247 224 1359 280 quod
1390 224 1522 265 Terra
1549 238 1601 266 ex
1630 227 1820 269 uniformi
1847 240 1931 269 ma«
1980 256 1985 258 >

212 296 508 335 Sffitmmteria
528 290 689 332 constat.
747 285 895 328 Nam-fi
924 287 1086 325 mate'rla
1115 282 1164 322 ad
1192 291 1376 321 centrum
1403 280 1520 333 paulo
1548 279 1708 321 densior
1736 281 1778 321 sit
1812 295 1932 336 quam

411 349 460 389 ad
496 344 742 398 superficiem
766 366 800 388 ‚-
829 338 1069 380 differentiae
1102 335 1368 390 pendulorum
1407 333 1447 373 &
1486 333 1683 386 graduum
1718 334 1938 379 Meridiani

413 402 530 457 paulo
568 398 735 451 majores
773 404 888 436 erunt
927 405 1045 447 quam
1083 396 1158 443 pro
1200 388 1357 429 Tabula
1392 388 1680 442 praecedente,
1726 400 1938 443 propterea

412 455 523 510 quod
553 453 580 493 si
613 451 776 493 materia
810 448 861 489 ad
903 456 1087 489 centrum
1130 442 1356 485 redundans
1404 455 1483 496 qua
1522 441 1689 483 densitas
1726 443 1781 484 ibi
1815 445 1939 498 major

411 509 618 554 redditur,
648 505 888 546 subducatur
915 503 953 542 &
981 499 1137 540 seorsim
1158 497 1352 551 speeietur
1371 524 1384 542 ,
1412 496 1584 549 gravit-as
1613 497 1656 537 in
1678 496 1852 538 Terram
1879 513 1940 540 re·
1963 530 1967 534 .

411 565 558 616 liquam
597 559 852 602 uniformiter
889 556 1050 597 densam
1080 583 1091 600 ,
1125 554 1207 593 -erit
1230 552 1442 604 reciproce
1471 560 1514 590 ut
1543 551 1725 592 distantia
1753 552 1942 604 ponderis

413 633 433 658 a
463 627 628 661 centro;
659 616 697 655 in
726 612 929 653 materiam
953 622 1051 650 vero
1080 606 1372 663 redundantem
1398 605 1605 657 reciproce
1630 616 1674 646 ut
1707 607 1947 660 quadratum

414 671 606 712 dillantiae
644 684 665 709 a
700 667 863 709 materia
895 665 957 706 illa
983 662 1302 717 quamproxime.
1361 656 1544 699 Gravitas
1570 659 1691 712 igitur
1718 660 1787 701 sub
1809 674 1947 715 raequa-

415 737 504 766 tore
544 725 674 764 minor
712 722 767 763 est
804 721 844 760 in
883 720 1088 760 materiam
1127 716 1231 755 illam
1259 712 1555 768 redundantem
1586 727 1705 766 quam
1733 727 1807 766 pro
1835 729 1947 757 com-
1982 760 1985 761 ⁷

417 791 516 834 puto
535 779 759 831 superiore:
793 775 830 813 &
851 782 1063 827 propterea
1081 769 1211 811 Ter-ra
1238 768 1291 807 ibi
1309 796 1322 813 ‚
1360 776 1524 819 propter
1540 767 1753 808 ·‹defe5>tum
1777 770 1950 822 gravita-

417 836 488 879 tis,
516 834 633 885 paulo
653 831 765 871 altius
785 828 992 872 ascendet,
1025 825 1064 865 δε
1087 823 1261 868 excessus
1280 820 1579 872 longitudinum
1608 821 1882 863 Pendulorutn
1909 825 1951 863 δε

417 887 612 941 graduum
648 885 697 925 ad
736 883 852 937 potos.
887 881 1003 934 paulo
1042 877 1209 929 majores
1239 884 1361 915 erunt
1397 885 1517 926 quam
1553 875 1593 914 in
1631 875 1952 928 praecedentibus

418 942 628 982 definitum
651 939 716 979 est.
900 943 905 947 ⁴
935 944 949 954 ³
1312 962 1314 964 ·
1542 945 1544 948 ’

465 996 554 1048 Jam
585 1007 681 1034 vero
725 987 956 1031 Astronomi
994 985 1115 1039 aliqui
1143 984 1184 1024 in
1210 983 1447 1037 longinquas
1479 983 1661 1036 regiones
1691 984 1741 1024 ad
1771 984 1954 1026 observa-

421 1051 551 1091 tiones
586 1043 886 1087 Astronomicas
915 1040 1121 1082 'faciendas
1153 1037 1254 1084 miffi
1276 1066 1286 1084 ‚
1319 1039 1568 1078 invenerunt
1603 1038 1714 1091 quod
1744 1039 1964 1093 horologia.

423 1101 657 1144 oscillatoria
684 1098 834 1140 tardius
868 1105 1128 1136 moverentur
1157 1104 1284 1145 prope
1309 1091 1580 1145 AEquatorem
1608 1105 1728 1145 quarn
1756 1097 1797 1133 in
1823 1096 1956 1146 regio·-

424 1158 538 1199 nibus
566 1154 717 1196 nostris.
774 1152 827 1192 Et
856 1150 988 1204 primo
1015 1148 1181 1202 quidem
1215 1147 1277 1186 D.
1314 1146 1464 1186 Richer
1493 1146 1570 1185 hoc
1599 1146 1822 1187 observavit
1849 1160 1955 1188 anno

428 1215 527 1260 1672
555 1210 594 1250 in
623 1209 744 1249 inlula
769 1206 965 1257 Cayennae.
1022 1203 1125 1243 Nam
1156 1202 1254 1241 dum
1274 1200 1509 1241 ⁴observaret
1537 1200 1742 1240 transitum
1767 1200 1958 1241 Fixarum

422 1280 494 1320 per
522 1263 785 1305 meridianum
814 1258 947 1299 mense
974 1256 1141 1311 Augusto
1158 1285 1168 1302 ‚
1196 1255 1344 1306 reperit
1370 1254 1637 1306 horologium
1667 1254 1779 1294 suum
1807 1254 1958 1295 tardius

424 1319 578 1361 moveri
602 1329 720 1371 quam
751 1327 825 1368 pro
857 1312 994 1352 medio
1024 1322 1137 1350 motu
1169 1308 1269 1348 Solis
1290 1337 1300 1353 ,
1326 1307 1519 1347 existente
1546 1306 1774 1347 differentia
1801 1308 1847 1348 2‘.
1886 1309 1959 1349 28²¹

425 1373 581 1426 singulis
608 1371 758 1411 diebus,
814 1366 974 1407 Deinde
1001 1363 1188 1405 faciendo
1214 1373 1257 1401 ut
1286 1361 1511 1402 pendulum
1541 1360 1705 1414 simplex
1730 1362 1777 1402 ad
1805 1363 1958 1404 minuta

424 1427 572 1479 singula
609 1423 779 1465 secunda
817 1435 886 1473 per
925 1418 1183 1470 horologium
1233 1416 1432 1468 optimum
1479 1415 1698 1455 mensurata
1735 1416 1957 1465 oscillaret‚

425 1480 577 1522 notavit
596 1476 891 1530 longitudinem
915 1473 1085 1514 Penduli
1113 1470 1296 1524 simplicis
1319 1499 1330 1516 ,
1369 1471 1408 1509 &
1438 1470 1514 1509 hoc
1541 1468 1636 1509 fecit
1666 1469 1802 1522 saepius
1828 1472 1956 1525 fingu-

425 1537 471 1576 lis
490 1533 715 1587 septimanis
733 1544 803 1585 per
830 1528 981 1570 menses
1008 1527 1163 1567 decem.
1220 1523 1335 1564 Tum
1359 1524 1399 1564 in
1429 1524 1604 1564 Galliam
1631 1524 1759 1564 redux
1786 1526 1957 1567 contulit

428 1587 722 1641 longitudinem
759 1583 871 1635 hujus
905 1581 1075 1623 penduli
1109 1593 1201 1620 cum
1238 1578 1491 1630 longitudine
1520 1577 1690 1617 Penduli
1727 1579 1958 1630 Parisienst's

431 1646 539 1696 (quae
558 1651 640 1681 erat
662 1641 781 1679 trium
803 1637 951 1687 pedum
974 1633 1268 1677 Parifienfium,
1300 1633 1339 1670 &
1370 1631 1462 1670 οὲὶο
1491 1631 1681 1671 linearum
1711 1644 1804 1672 curn
1832 1633 1956 1674 tribus

430 1696 580 1750 quintis
607 1693 779 1744 partibus
806 1691 938 1739 lineae)
968 1688 1008 1727 δε
1033 1689 1180 1738 reperit
1209 1684 1436 1723 breviorem
1458 1682 1540 1723 effe
1560 1711 1574 1728 ,
1619 1683 1813 1724 existente
1842 1685 1958 1726 diffie-

428 1751 554 1792 rentia
597 1749 711 1788 lineae
756 1744 870 1784 unius
907 1755 999 1782 cum
1044 1738 1276 1793 quadrante.
1344 1740 1400 1776 At
1447 1751 1498 1777 ex
1534 1737 1721 1777 tarditate
1756 1739 1958 1793 horologii

427 1802 654 1844 oscillatorii
678 1801 716 1841 in
737 1798 935 1849 Castana,
964 1792 1190 1834 differentia
1208 1790 1484 1831 Pendulorum
1507 1792 1707 1844 colligitur
1735 1791 1811 1832 effe
1843 1794 1957 1835 lineae

425 1858 540 1900 unius
560 1869 651 1896 cum
675 1852 833 1893 semiss'e.
1784 1866 1786 1868 ’

481 1911 620 1952 Postea
658 1908 840 1946 Halleins
871 1903 1001 1944 noster
1031 1903 1138 1943 circa
1171 1912 1317 1940 annum
1359 1901 1460 1950 1677
1495 1898 1737 1939 adinsulam
1780 1900 1834 1940 St*
1876 1901 1959 1943 He-

426 1968 521 2008 lenae
558 1963 762 2015 navigans,
791 1959 937 2011 reperit
978 1955 1236 2009 horologium
1274 1954 1391 2007 suurn,
1417 1952 1699 1994 oscillatorium
1729 1954 1782 1995 ibi
1811 1956 1960 1997 tardius

424 2018 583 2062 ¹moveri
614 2029 732 2070 quam
762 2013 960 2058 Londini,
998 2011 1063 2050 sed
1097 2008 1363 2050 differentiam
1393 2019 1474 2046 non
1510 2007 1675 2047 notavit.
1734 2008 1960 2052 Pendulum

429 2087 526 2115 vero
550 2072 712 2113 brevius
740 2067 917 2109 reddidit
946 2065 1150 2119 plusquam
1178 2062 1315 2103 oetava
1342 2071 1453 2114 parte
1483 2061 1630 2113 digiti,
1664 2062 1731 2102 sf-'U
1758 2064 1858 2104 linea
1881 2078 1960 2106 una

431 2141 523 2168 cum
553 2124 715 2166 semisse.
777 2122 828 2162 Et
858 2120 906 2160 ad
936 2121 1014 2161 hoc
1045 2118 1328 2162 efficiendum,
1354 2127 1447 2155 cum
1477 2115 1691 2169 longitudo
1722 2119 1963 2161 cochieaein

434 2183 513 2221 ima
531 2190 644 2231 parte
665 2177 829 2230 penduli
852 2188 930 2215 non
951 2173 1151 2214 sufficeret
1169 2201 1180 2220 ,
1209 2171 1397 2212 annulum
1425 2169 1601 2222 ligneum
1629 2170 1757 2211 thecae
1786 2167 1961 2221 cochleae

433 2236 472 2275 ἃ
495 2233 660 2284 ponderi
684 2231 859 2284 pendulo
877 2227 1124 2281 interposuit.

483 2287 644 2328 Deinde
674 2298 778 2324 anno
810 2283 911 2322 1682
944 2285 1003 2322 D.
1035 2282 1164 2322 Varin
1195 2282 1235 2320 ὅτ
1267 2280 1327 2319 ‘D
1358 2278 1450 2318 Des
1471 2277 1604 2325 Hayes
1624 2279 1966 2322 inx‘reneruntton-

430 2341 654 2398 gitudinem
692 2338 861 2380 Penduli
900 2337 1058 2391 fingulis
1094 2334 1260 2377 minutis
1296 2331 1481 2375 secundis
1511 2331 1725 2375 oscillantis
1754 2335 1794 2375 in
1824 2326 1970 2376 Obser-

1811 2400 1968 2431 vatorio
