2079 3033
469 164 820 212 PRINCIPIA
848 168 1406 213 MATHEMATICA.
1625 188 1698 227 333

148 247 296 289 cedent
314 245 470 287 eaedem
489 247 621 289 versus
641 245 773 288 Medii
794 257 924 299 partes
943 260 1083 289 omnes
1102 249 1350 301 quiescentes
1367 279 1379 298 ‚
1410 259 1490 289 tam
1506 249 1685 291 laterales
1703 268 1778 300 Lm
1791 277 1809 298 r
1821 275 1845 300 Β

148 300 194 341 K
198 302 238 342 L
268 300 310 342 δε
336 300 390 341 N
391 301 427 340 O
443 329 455 347 ‚
482 314 600 356 quarn
631 301 848 341 anteriores
889 302 931 341 P
951 301 1020 357 Q,
1061 315 1193 356 eoque
1219 303 1339 356 paeto
1363 314 1496 344 motus
1523 305 1652 345 omnis
1670 310 1867 352 ,St-evm&-

147 368 268 409 quam
287 355 460 409 primum
478 367 549 408 per
566 354 747 395 foramen
777 355 865 397 BC
887 356 1035 395 transiit
1055 385 1066 402 ,
1095 357 1247 398 dilatari
1266 358 1431 411 incipiet
1452 358 1492 398 δι
1510 357 1680 405 abinde,

147 420 378 519 tQanquatrba
395 408 594 463 princi-pio
618 407 659 449 δε
680 418 823 450 centro
843 437 854 457 ,
899 409 947 450 in>
969 420 1103 463 partes
1128 423 1274 454 omnes
1293 412 1443 454 directe
1464 413 1686 467 propagari.

291 593 709 638 PROPOSITIO
738 594 883 636 XLIII.
914 595 1316 639 THEOREMA
1345 599 1547 643 XXXIV.

145 700 307 767 Corpus
331 714 454 747 omne
474 697 713 745 tremulum
734 696 781 744 in
812 697 972 746 Medio
1007 697 1194 758 Elastico
1223 702 1499 767 propagabit
1519 717 1686 753 motum

243 766 460 836 pulsuum
487 765 683 832 undique
715 765 762 813 in
799 765 1045 830 direHum,
1085 766 1133 814 in
1164 768 1323 815 [Medio
1352 787 1456 818 vero
1490 790 1576 820 non

455 834 643 895 Elastico
665 848 829 883 motum
849 834 1115 883 circularem
1142 835 1369 886 excitabit.

199 947 285 1000 Cas.
317 959 350 987 1.
375 945 482 987 Nam
507 953 637 998 partes
672 944 852 997 corporis
887 946 1047 986 tremuli
1088 944 1241 986 vicibus
1277 947 1439 987 alternis
1472 948 1609 990 eundo
1636 950 1680 991 &

144 1000 376 1046 redeunde,
404 998 463 1040 itu
479 999 548 1039 suo
576 998 775 1050 urgebunt
806 998 848 1037 &
875 1000 1099 1053 propellent
1125 1009 1256 1053 partes
1284 999 1420 1041 Medii
1446 1001 1515 1042 fibi
1543 1004 1679 1056 proxi-

144 1069 228 1096 mas
245 1084 256 1102 ‚
294 1053 336 1093 δε
359 1052 546 1106 urgendo
570 1051 840 1104 compriment
866 1053 1024 1094 easdem
1053 1053 1094 1093 δε
1121 1052 1425 1095 condensabunt
1442 1084 1454 1102 ‚
1492 1056 1588 1097 dein
1616 1071 1679 1098 re·-

140 1110 230 1150 ditu
246 1108 316 1148 suo
343 1106 470 1146 finent
487 1114 616 1159 partes
635 1104 872 1158 compressas
890 1107 1083 1148 recedere
1101 1106 1143 1146 &
1160 1106 1239 1147 sese
1259 1109 1497 1161 expandere.
1553 1111 1678 1163 Igitur

139 1173 269 1217 partes
290 1159 422 1201 Medii
440 1159 601 1213 corpori
620 1160 793 1199 tremulo
822 1161 1016 1214 proximae
1043 1160 1156 1201 ibunt
1185 1161 1226 1201 δε
1246 1162 1435 1203 redibunt
1459 1176 1530 1217 per
1551 1168 1679 1213 vices,

125 1216 192 1261 „ad
211 1216 325 1256 in'star
341 1214 517 1267 partium
536 1213 716 1266 corporis
736 1214 835 1254 illius
865 1216 1026 1256 tremuli
1047 1229 1055 1255 ε
1092 1216 1132 1255 3<
1160 1228 1237 1268 qua
1258 1216 1413 1257 ratione
1432 1228 1565 1270 partes
1584 1232 1676 1259 cor-

141 1270 249 1324 poris
268 1267 381 1321 hujus
399 1266 597 1320 agitabant
620 1267 734 1307 hasce
761 1267 893 1309 Medii
921 1279 1052 1323 partes
1072 1298 1083 1316 ‚
1127 1269 1190 1309 hae
1216 1270 1402 1312 similibus
1433 1273 1675 1314 tremoribus

130 1321 300 1377 ‘agitatae
317 1321 522 1374 agitabunt
538 1331 668 1373 partes
688 1320 756 1361 fibi
790 1322 990 1374 proximas
1006 1351 1018 1369 ‚
1054 1335 1194 1375 eaeque
1221 1323 1398 1365 similiter
1418 1326 1576 1378 agitatae
1593 1327 1677 1380 agi-

141 1377 281 1419 tabunt
299 1374 507 1416 ulteriores
524 1403 537 1421 ,
565 1373 607 1413 &
623 1372 675 1414 fic
695 1373 884 1427 deinceps
907 1376 948 1415 in
975 1375 1187 1416 infinitum,
1243 1376 1298 1417 Et
1330 1379 1676 1431 quemadmodum

142 1430 277 1473 Medii
302 1438 433 1483 partes
459 1427 599 1481 primae
624 1427 761 1467 eundo
787 1428 1081 1469 condensantur
1109 1430 1151 1469 δε
1184 1429 1397 1470 redeundo
1426 1433 1674 1475 relaxantur:

142 1483 196 1526 sic
213 1493 343 1539 partes
360 1483 524 1536 reliquae
541 1481 700 1534 quoties
728 1491 825 1521 eunt
849 1482 1199 1524 condensabuntur
1216 1512 1227 1530 ‚
1263 1483 1305 1523 &
1324 1485 1483 1538 quoties
1504 1486 1676 1527 redeunt

143 1539 223 1580 sese
250 1536 490 1591 expandent.
546 1534 600 1576 Et
623 1545 837 1588 propterea
865 1550 947 1577 non
981 1550 1122 1577 omnes
1148 1536 1263 1577 ibunt
1291 1537 1332 1577 δε
1351 1537 1462 1578 simul
1483 1540 1674 1581 redibunt

146 1596 162 1645 (
173 1592 224 1633 fic
243 1591 350 1633 enim
369 1589 650 1630 determinatas
669 1589 716 1628 ab
735 1589 907 1629 invicem
929 1589 1128 1641 distantias
1154 1590 1348 1631 servando
1366 1619 1388 1638 ,Α
1413 1605 1494 1632 non
1516 1594 1675 1635 rarefie-

144 1654 233 1688 rent
259 1645 301 1685 &
328 1641 668 1685 condensarentur
693 1654 764 1693 per
789 1642 924 1692 vices)
962 1642 1027 1681 sed
1056 1642 1291 1682 accedendo
1320 1644 1371 1684 ad
1397 1642 1572 1688 invicem'
1607 1648 1676 1690 ubi

144 1697 470 1743 condensantur,
507 1694 548 1734 &
574 1693 808 1734 recedendo
843 1694 910 1735 ubi
945 1695 1134 1736 rarefiunt
1155 1724 1167 1743 ,
1216 1696 1358 1750 aliquae
1395 1712 1530 1740 earum
1560 1701 1674 1743 ibunt

145 1754 244 1795 dum
277 1752 362 1792 aliae
397 1750 569 1791 redeunt
591 1771 615 1795 ,ν
648 1748 780 1801 idquev
807 1748 959 1789 vicibus
995 1749 1155 1790 alternis
1193 1748 1234 1790 in
1269 1750 1480 1793 infinitum.
1538 1752 1675 1797 Partes

142 1817 276 1849 autem
297 1814 436 1845 euntes
461 1803 501 1842 ἃ
522 1801 658 1842 eundo
683 1801 937 1843 condensatae
957 1832 968 1850 ,
1003 1803 1055 1843 ob
1073 1814 1231 1844 motum
1249 1803 1363 1845 suum
1381 1807 1675 1860 progreffivum

144 1873 228 1915 quo
254 1859 402 1900 feriunt
427 1856 623 1897 obstacula
641 1885 652 1902 ,
687 1856 776 1896 sunt
800 1857 931 1909 pulsus
953 1874 963 1903 ;
1005 1858 1046 1897 &
1074 1867 1287 1911 propterea
1312 1860 1443 1911 pulsus
1469 1862 1674 1904 succeffivi

143 1925 352 1966 acorpore
379 1910 488 1951 omni
506 1909 676 1950 tremulo
702 1910 743 1950 in
772 1909 969 1951 direfium
996 1911 1352 1965 propagabuntur;
1393 1915 1516 1968 idque
1544 1929 1676 1970 aequa—

143 1967 245 2010 libus
267 1964 428 2006 circiter
445 1963 492 2003 ab
511 1963 682 2003 invicem
703 1963 893 2005 distantiis
911 1994 922 2011 ,
959 1963 1012 2004 ob
1039 1965 1202 2019 aequalia
1232 1968 1427 2019 temporis
1449 1971 1650 2010 intervalla
1664 2000 1677 2018 ‚

145 2021 288 2075 quibus
313 2030 458 2071 corpus
485 2017 724 2058 tremoribus
752 2018 828 2057 suis
855 2017 1013 2071 singulis
1041 2019 1212 2072 singulos
1239 2021 1367 2073 pulsus
1401 2022 1560 2063 excitat.
1614 2023 1672 2065 Et

144 2085 371 2130 quanquam
406 2070 588 2125 corporis
611 2072 772 2112 tremuli
805 2082 935 2124 partes
968 2082 1060 2114 eant
1086 2075 1125 2113 &
1154 2073 1320 2114 redeant
1346 2073 1566 2117 secundum
1591 2079 1674 2130 pla-

138 2131 234 2182 Jgarn
271 2126 438 2179 aliquam
474 2133 624 2165 certam
660 2126 701 2165 δε
737 2125 1074 2174 determinatam,
1119 2137 1252 2168 tamen
1290 2128 1421 2180 pulsus
1457 2128 1555 2171 inde
1598 2144 1671 2184 per

143 2181 331 2224 Medium
368 2179 576 2233 propagati
611 2178 689 2219 sese
726 2179 945 2220 dilatabunt
974 2180 1024 2220 ad
1053 2182 1200 2228 latera,
1242 2193 1314 2235 per
1335 2182 1670 2237 ,Propofitionem

142 2234 463 2291 praecedentem3
492 2234 532 2271 ἃ
556 2246 577 2272 a
595 2243 765 2287 corpore
784 2234 851 2273 illo
871 2235 1043 2275 tremulo
1063 2245 1251 2287 tanquam
1277 2246 1422 2277 centro
1450 2241 1673 2286 communi,

142 2288 362 2331 secundum
403 2285 627 2340 superficies
672 2287 970 2340 propemodum
1014 2288 1219 2342 sphaericas
1266 2289 1307 2334 ἃ
1363 2293 1637 2332 concentricas
1656 2322 1668 2339 ,

141 2343 322 2399 undique
358 2339 692 2397 propagabuntur.
758 2340 882 2395 Cujus
890 2342 977 2436 'Irei
1014 2344 1241 2398 exemplum
1276 2344 1439 2400 aliquod
1475 2345 1668 2389 habemus

263 2401 269 2409 ²
918 2406 919 2409 ’
945 2405 959 2436 t
989 2409 1008 2444 3
1627 2400 1672 2447 in
