2079 3033
399 155 745 200 PRINCIPIA
775 151 1325 197 MATHEMATICA.
1564 166 1637 204 473

100 237 247 278 riorem
277 237 391 287 latior
422 238 465 278 fit
493 248 611 292 quam
634 238 745 290 juxta
774 245 891 289 caput
920 234 1117 277 Cometae.
1173 233 1232 276 Ea
1255 243 1386 275 autem
1406 231 1630 273 rarefaffio-
1645 236 1669 264 L
1685 244 1696 263 1
1714 241 1731 263 Β
1747 241 1763 285 ἕ
1779 239 1825 296 ξω

100 302 152 330 ne
200 304 388 344 vaporem
426 302 625 345 perpetuo
661 291 868 331 dilatatum
906 289 1079 329 diffundi
1116 289 1279 329 tandem
1317 288 1358 328 &
1394 287 1522 341 spargi
1556 298 1626 340 per
1646 274 1775 302 Tum
1828 284 1835 295 ’

103 345 231 384 coelos
259 345 481 393 universos,
509 346 657 386 deinde
685 344 872 397 paulatim
899 343 940 383 in
966 343 1146 383 Planetas
1172 355 1242 396 per
1272 341 1506 395 gravitatem
1525 340 1632 381 suam

103 398 246 438 attrahi
272 399 310 438 ὅ(
340 413 434 440 cum
463 411 602 440 eorum
631 397 918 451 Atmosphaeris
947 397 1124 444 misceri,
1152 397 1296 437 rationi
1323 396 1634 440 consentaneum

105 451 273 492 videtur.
348 454 452 494 Nam
488 453 831 506 quemadmodum
872 450 1002 492 Maria
1040 450 1090 490 ad
1126 450 1454 491 constitutionem
1490 449 1633 490 Terrae

108 504 221 557 hujus
250 507 417 552 omnino
449 507 705 561 requiruntur
724 535 736 553 ,
779 504 902 559 idque
929 515 972 544 ut
999 517 1050 544 ex
1079 505 1125 545 iis
1149 517 1221 557 per
1246 504 1419 544 calorem
1440 503 1542 544 Solis
1570 516 1636 543 va-

105 569 225 606 pores
262 560 421 612 copiose
460 561 547 600 satis
584 560 808 601 excitentur
828 588 839 605 ‚
881 558 951 611 qui
980 559 1039 599 vel
1070 559 1110 598 in
1136 558 1260 599 nubes
1288 557 1415 598 coaffl
1444 556 1637 598 decidant

103 612 144 652 in
170 611 353 665 pluviis,¹
374 613 414 652 &
450 623 596 652 terram
625 625 788 651 omnem
820 612 870 651 ad
898 612 1219 664 procreationem
1245 611 1524 664 vegetabilium
1550 612 1637 652 irri-

103 675 201 718 gent
240 667 278 706 &
316 665 524 710 nutriant;
575 664 635 703 vel
672 665 712 704 in
750 662 902 714 frigidis
933 667 1131 706 montium
1160 666 1377 715 verticibus
1403 665 1635 706 condensati

106 723 177 770 (ut
215 718 333 771 aliqui
376 731 470 759 cum
515 717 670 758 ratione
707 715 1053 769 philosophantur)
1101 719 1315 760 decurrant
1349 720 1390 760 in
1426 719 1557 759 fontes
1594 719 1636 759 &

105 771 297 816 flumina:
329 772 379 813 fic
408 771 458 812 ad
486 769 829 813 conservationem
859 769 1028 810 marium
1059 770 1099 808 &
1128 771 1344 813 humorum
1373 774 1412 812 in
1443 774 1637 821 planetis,

103 826 253 877 requiri
291 825 477 867 videntur
512 825 726 870 Cometae‚
770 836 821 865 ex
855 835 1028 876 quorum
1066 824 1377 864 exhalationibus
1414 825 1453 864 δε
1480 828 1638 878 vapori-

103 879 177 919 bus
222 879 503 926 condensatis,
547 876 742 933 quicquid
780 876 944 931 liquoris
979 888 1050 929 per
1087 878 1385 931 vegetationem
1423 878 1465 918 δε
1502 888 1637 930 putre-

105 932 321 974 faetionem
357 932 603 974 consumitur
630 932 672 972 δε
699 932 741 972 in
767 939 913 971 terram
938 930 1090 970 aridam
1119 932 1368 972 convertitur
1386 961 1398 979 ,
1444 932 1638 972 continuo

105 987 275 1040 suppleri
321 987 363 1027 δε
407 987 516 1028 refici
552 985 681 1039 poflit.
746 984 853 1025 Nam
888 984 1121 1037 vegetabilia
1159 985 1292 1025 omnia
1333 998 1385 1025 ex
1419 986 1637 1039 liquoribus

105 1042 273 1081 omnino
299 1041 508 1087 crescunt,
546 1040 640 1081 dein
667 1051 809 1092 magna
833 1051 885 1078 ex
912 1047 1023 1092 parte
1047 1038 1088 1078 in
1117 1047 1262 1079 terram
1290 1038 1440 1079 aridam
1468 1052 1538 1092 per
1567 1052 1639 1092 pu-

107 1094 382 1135 trefafflonem
416 1094 589 1140 abeunt,
636 1093 677 1133 δε
710 1092 825 1133 limus
859 1104 910 1131 ex
939 1091 1158 1144 liquoribus
1186 1092 1411 1145 putrefaciis
1437 1105 1636 1146 perpetuo

106 1146 270 1189 decidit.
325 1147 436 1188 Hinc
461 1148 587 1189 moles
606 1146 749 1187 Terrae
777 1145 897 1186 aridae
923 1145 1051 1186 indies
1071 1155 1257 1199 augetur,
1285 1146 1326 1186 δε
1345 1147 1538 1199 liquores,
1566 1147 1638 1187 nisi

105 1201 262 1242 aliunde
287 1212 545 1254 augmentum
571 1200 796 1246 sumerent,
840 1209 1036 1252 perpetuo
1061 1199 1293 1240 decrescere
1323 1199 1546 1247 deberent,
1590 1214 1636 1241 ac

105 1253 270 1296 tandem
288 1256 476 1297 deficere.
533 1255 661 1295 Porro
687 1254 861 1304 suspicor
887 1252 1078 1306 Spiritum
1106 1254 1239 1301 illum,
1276 1254 1345 1307 qui
1372 1254 1488 1294 Aeris
1515 1254 1637 1295 nostri

105 1320 192 1361 pars
218 1309 381 1349 minima
410 1309 468 1349 est
493 1308 560 1349 sed
588 1307 829 1348 subtilislima
856 1306 897 1346 &
925 1308 1074 1360 optima
1096 1337 1107 1354 ,
1146 1309 1186 1348 ὃς
1212 1308 1262 1347 ad
1289 1320 1424 1348 rerum
1453 1308 1636 1349 omnium

104 1362 227 1402 vitam
245 1363 483 1416 requiritur,
511 1376 560 1403 ex
578 1361 761 1408 Cometis
778 1360 978 1414 praecipue
998 1362 1146 1402 venire.

158 1417 449 1470 Atmosphaerae
479 1416 741 1456 Cometarurn
769 1415 810 1454 in
838 1413 1027 1455 descensu
1054 1428 1195 1456 eorum
1221 1415 1261 1456 in
1290 1416 1423 1456 Solem
1443 1445 1454 1463 ,
1492 1428 1634 1457 excur-

102 1470 230 1510 rendo
262 1470 302 1510 in
332 1470 496 1518 caudas,
532 1469 829 1515 diminuuntur,
866 1468 906 1507 &
929 1473 1013 1517 ⁴(ea
1043 1479 1151 1509 certe
1179 1471 1218 1509 in
1244 1481 1356 1522 parte
1383 1482 1472 1524 quae
1498 1470 1633 1511 Solem

102 1523 286 1576 respicit)
325 1524 565 1577 angustiores
602 1522 848 1563 redduntur:
888 1522 928 1562 Sc
967 1522 1133 1564 vieiffim
1171 1524 1212 1564 in
1248 1522 1397 1564 recessu
1434 1536 1574 1565 eorum
1613 1538 1635 1564 a

102 1576 224 1624 Sole,
262 1578 328 1617 ubi
363 1578 444 1630 jam
482 1577 609 1618 minus
647 1586 865 1617 excurrunt
902 1576 943 1615 in
972 1577 1145 1624 caudas,
1191 1577 1426 1630 ampliantur
1455 1578 1481 1618 fi
1509 1577 1635 1618 modo

100 1630 374 1671 Phaenomena
409 1644 551 1671 eorum
581 1631 775 1670 Hevelius
809 1628 915 1669 re&e
951 1631 1116 1671 notavit.
1182 1630 1366 1671 Minimae
1401 1640 1532 1672 autem
1568 1643 1636 1684 ap-

101 1695 239 1737 parent
267 1684 333 1724 ubi
364 1685 490 1737 capita
514 1684 590 1734 jam
616 1684 742 1722 modo
768 1684 817 1721 ad
845 1683 977 1722 Solem
1006 1683 1190 1723 calefaciat
1216 1685 1254 1724 in
1276 1685 1418 1725 caudas
1447 1686 1636 1725 maximas

105 1738 145 1777 &
175 1736 473 1790 fulgentiffimas
505 1737 658 1783 abiere,
689 1736 730 1776 δε
748 1736 881 1776 nuclei
909 1734 1022 1775 fumo
1046 1736 1176 1776 forsan
1196 1738 1380 1778 crassiore
1403 1739 1442 1779 δε
1461 1739 1637 1791 nigriore

103 1791 144 1831 in
182 1791 551 1842 Atmosphaerarum
597 1790 771 1842 partibus
797 1788 951 1829 'infimis
997 1789 1294 1831 circundantur.
1335 1792 1462 1836 Nam
1509 1793 1640 1832 fumus

105 1843 235 1883 omnis
262 1845 415 1894 ingenti
442 1845 573 1882 calore
600 1843 794 1883 excitatus
813 1871 824 1887 ,
863 1842 1024 1881 crassior
1053 1845 1093 1881 ὅ(
1123 1844 1272 1896 nigrior
1297 1843 1376 1886 esse
1405 1847 1515 1886 solet.
1572 1846 1638 1885 Sic

106 1907 224 1950 caput
251 1896 436 1935 Cometae
466 1896 516 1934 de
544 1908 626 1948 quo
653 1895 805 1946 egimus
825 1923 836 1939 ,
873 1895 913 1933 in
941 1896 1153 1947 aequalibus
1178 1911 1198 1937 a
1227 1898 1318 1939 Sole
1346 1913 1389 1938 ac
1420 1899 1550 1938 Terra
1578 1899 1640 1938 di-

105 1950 284 1996 stantiis,
328 1948 531 1988 obscurius
576 1949 755 2000 apparuit
805 1947 892 2000 post
931 1948 1171 1990 Perihelium
1207 1951 1319 1992 suurn
1356 1964 1474 2004 quam
1513 1962 1638 1992 antea.

105 2003 250 2044 Mense
280 2003 387 2042 enirn
406 2000 619 2041 Decembri
648 2014 739 2041 cum
761 1999 876 2040 stellis
899 2002 1028 2041 tertiae
1047 2004 1328 2056 magnitudinis
1348 2005 1520 2045 conferri
1542 2005 1640 2045 sole-

107 2057 198 2104 bat,
251 2065 289 2095 at
319 2054 461 2095 Mense
489 2053 708 2094 Novembri
736 2067 828 2094 cum
858 2053 973 2095 stellis
1003 2056 1139 2107 primae
1167 2059 1207 2098 &
1238 2058 1432 2098 secundae.
1487 2057 1541 2098 Et
1571 2058 1641 2111 qui

110 2121 327 2163 utrumque
354 2108 559 2152 viderant,
588 2108 781 2160 majorem
809 2107 1039 2149 describunt
1064 2109 1277 2151 Cometam
1297 2112 1485 2164 priorem.
1540 2112 1643 2152 Nam

105 2163 250 2217 juveni
277 2161 434 2203 cuidam
462 2161 738 2216 Cantabrigien
756 2176 789 2207 ι,
828 2160 1016 2202 Novemb.
1047 2177 1117 2214 19,
1145 2165 1318 2205 Cometa
1337 2165 1450 2206 hicce
1473 2166 1560 2205 luce
1580 2166 1645 2205 sua

111 2216 364 2269 quantumvis
392 2215 577 2267 plumbea
605 2216 644 2254 δι
674 2214 834 2261 obtusa,
875 2215 1052 2262 aequabat
1081 2217 1235 2270 Spicam
1261 2218 1461 2271 Virginis,
1500 2220 1539 2259 δε
1568 2219 1645 2258 cla-

111 2272 191 2312 rius
219 2269 387 2310 micabat
415 2281 533 2322 quarn
561 2269 705 2322 postea.
763 2267 816 2308 Et
838 2269 899 2308 D
918 2268 1055 2310 Storer
1079 2271 1201 2312 literis
1222 2284 1311 2325 quae
1337 2275 1377 2312 in
1404 2285 1539 2313 manus
1557 2273 1645 2311 nos-

113 2335 190 2366 tras
231 2323 439 2371 incidere,
485 2322 631 2376 scripsit
661 2333 778 2376 caput
818 2321 898 2415 ejtg
928 2321 1071 2364 Mense
1102 2327 1342 2374 Decembri,
1387 2327 1454 2368 ubi
1483 2326 1648 2366 caudam

911 2388 972 2416 oo
1532 2391 1654 2419 maxi-
