2079 3033
408 144 758 190 PRthtriA
784 140 1343 191 MATHEMATICAE
1571 135 1651 205 39?

106 229 257 272 Solem:
311 227 371 272 Ea
388 229 647 283 componitur
666 241 718 270 ex
747 225 923 282 partibus'
953 228 1072 279 SM,
1103 229 1209 271 LM
1220 260 1232 278 ,
1265 243 1437 285 quarum
1465 230 1573 274 LM
1597 234 1637 275 δε
1655 233 1821 271 lamii·

108 284 223 334 ipsius
254 283 352 325 SM
373 295 459 339 pars
495 283 534 325 T
538 283 599 322 M
617 282 823 336 perturbat
850 293 1009 323 motum
1036 284 1166 325 Lunae
1184 314 1195 333 ,
1243 295 1288 326 ut
1312 287 1352 327 in
1379 286 1493 329 Libri
1521 287 1640 342 primi
1658 273 1848 315 Tauno*

110 336 231 392 Prop.
250 352 365 380 va1.
395 337 545 390 &ejus
571 336 803 377 Corollariis
828 338 1052 389 expositum
1079 339 1148 380 est.
1204 339 1414 392 Quatenus
1439 341 1571 383 Terra
1600 342 1643 384 &

113 391 232 433 Luna
248 394 401 433 circum
418 403 636 432 comm-une
654 390 856 443 gravitatis
873 402 1057 431 centrum
1077 394 1338 435 revolvuntur
1355 423 1367 441 ,
1397 396 1646 449 perturbabi-

112 456 178 487 tur
194 448 315 487 etiam
333 456 466 487 motus
493 444 639 485 Terrae
663 443 769 484 circa
796 453 981 484 centrum
1007 445 1102 486 iliud
1129 460 1150 486 a
1177 448 1324 489 viribus
1349 449 1641 498 confimilibus;

110 500 179 541 sed
208 501 377 541 summas
414 509 494 540 tam
533 499 678 539 virium
717 510 835 549 quam
863 508 1047 539 motuum
1077 500 1229 541 referre
1248 502 1344 543 licet
1372 503 1420 543 ad
1452 503 1643 553 Lunam,

111 553 154 594 δε
192 555 363 595 summas
397 552 541 592 virium
579 563 651 604 per
689 551 807 591 lineas
841 550 931 603 ipsls
967 554 1146 606 analogas
1189 555 1231 595 T
1233 555 1287 594 M
1322 557 1363 596 δε
1403 556 1503 596 ML
1541 557 1644 599 defi-

110 620 243 660 gnare.
300 605 374 648 Vis
400 605 504 644 ML
542 606 607 655 (in
636 603 833 644 mediocri
862 604 926 663 sua
944 608 1190 660 quantitate)
1220 609 1276 649 est
1303 611 1352 650 ad
1385 612 1465 651 vim
1493 612 1642 653 centri·

107 669 270 713 petam„
295 672 374 712 qua
402 658 519 704 Luna
548 658 589 698 in
616 656 729 697 Orbe
756 656 827 696 suo
856 670 961 696 circa
991 658 1162 701 Terram
1187 665 1458 716 quiescentem
1487 665 1536 706 ad
1564 665 1641 707 dis-

107 714 273 754 tantiam
310 710 402 753 ‘PT
423 711 577 753 revolvi
605 709 762 765 posset,
797 709 838 749 in
875 709 1075 763 duplicata
1110 716 1265 755 ratione
1304 728 1533 770 temporum
1570 732 1640 773 pe-

103 767 356 809 riodicorum
383 766 513 807 Lunae
542 765 647 806 circa
676 764 850 810 Terram
873 763 914 803 δε
942 763 1086 805 Terrae
1112 767 1217 807 circa
1245 769 1404 817 Solem,
1438 773 1535 824 (per
1553 773 1639 814 Co-

104 821 178 862 rol.
207 835 269 872 17.
296 821 417 875 Prop.
438 834 555 865 LXVI..
585 818 675 860 Lib.
694 818 748 869 I.)
780 817 859 858 hoc
887 817 970 864 est,
1008 819 1049 859 in
1079 820 1278 874 duplicata
1304 823 1463 864 ratione
1478 825 1637 867 dierum

103 888 167 925 27.
186 875 269 920 hor.
289 886 325 926 7.·
350 877 528 926 mim43.
556 873 607 914 ad
627 873 712 913 dies
733 876 822 922 365.
848 870 928 912 hor.
961 874 995 912 6.
1016 875 1107 916 min.
1125 889 1162 926 9.-
1190 875 1232 916 id
1259 875 1316 916 est
1332 903 1344 923 ,
1372 887 1417 917 ut
1442 890 1558 919 1000.
1587 880 1640 922 ad

105 929 256 979 178725
279 959 290 978 ‚
318 929 386 970 seu
416 942 433 968 1
465 929 515 970 ad
544 928 663 977 178&
717 925 941 967 Invenimus
965 936 1099 968 autem
1126 930 1166 968 in
1197 929 1474 982 Propofitione
1499 941 1639 985 quarta

100 983 212 1038 quod
234 1012 247 1031 ,
281 983 310 1024 fi
337 982 468 1026 Terra
497 981 539 1022 δε
562 982 686 1026 {Luna
711 980 816 1020 circa
840 992 1058 1021 commune
1085 981 1284 1034 gravitatis
1303 994 1489 1025 centrum
1507 987 1637 1027 revol-

101 1047 244 1078 vantur
262 1064 274 1084 ‚
309 1049 446 1077 earum
476 1035 656 1075 distantia
684 1032 900 1074 mediocris
926 1033 974 1073 ab
1001 1034 1178 1075 invicem
1207 1038 1282 1076 erit
1301 1040 1369 1087 60}
1387 1038 1637 1081 semidiame-

97 1099 254 1130 trorum
275 1089 541 1130 mediocrium
559 1088 704 1128 Terrae
723 1088 1041 1141 quamproxime.
1097 1087 1152 1129 Et
1180 1090 1236 1130 vis
1262 1104 1340 1144 qua
1359 1091 1476 1133 Luna
1494 1092 1534 1133 in
1555 1092 1636 1135 Or-

99 1142 150 1184 be
170 1143 276 1183 circa
295 1142 469 1184 Terram
488 1142 783 1197 quiescentem,
810 1141 859 1180 ad
880 1140 1105 1183 distantiam
1134 1143 1225 1183 PT
1245 1145 1634 1190 semidiametrorum

97 1196 343 1237 terrestrium
367 1201 438 1236 60}
463 1195 615 1238 revolvi
640 1194 767 1249 poffet
786 1224 798 1243 ‚
826 1194 950 1235 estad
972 1196 1074 1244 vim,
1101 1210 1178 1250 qua
1206 1198 1353 1239 eodem
1379 1209 1563 1253 tempore
1581 1202 1634 1243 ad

99 1250 324 1291 distantiam
350 1250 736 1291 semidiametrorum
769 1254 820 1288 60
847 1250 1000 1290 revolvi
1029 1251 1155 1303 posset
1172 1281 1183 1299 ,
1219 1262 1264 1293 ut
1294 1256 1363 1298 60}
1387 1253 1437 1294 ad
1465 1258 1549 1301 60;
1590 1255 1634 1296 δε

98 1304 187 1345 haec
216 1305 272 1344 vis
298 1303 348 1344 ad
374 1304 456 1344 vim
496 1303 699 1357 gravitatis
733 1302 839 1356 apud
877 1314 950 1342 nos
985 1313 1030 1342 ut
1062 1318 1078 1343 1
1108 1305 1157 1344 ad
1187 1309 1237 1344 60
1271 1312 1312 1347 ><
1338 1310 1389 1345 60
1418 1320 1634 1361 quampro-

89 1357 220 1400 xime.
276 1356 454 1411 Ideoque
482 1359 540 1398 vis
566 1357 783 1397 mediocris
822 1355 873 1395 M
889 1354 922 1395 L
957 1355 1014 1396 est
1038 1358 1088 1398 ad
1110 1359 1190 1398 vim
1210 1360 1411 1412 gravitatis
1438 1361 1480 1401 in
1499 1361 1634 1414 super-

99 1412 190 1453 ficie
216 1410 361 1452 Terrae
381 1439 393 1459 ,
430 1420 475 1452 ut
502 1425 519 1449 1
547 1417 588 1453 ><
614 1413 682 1451 6οὲ
712 1409 762 1450 ad
793 1412 844 1448 60
871 1415 910 1450 ><
931 1412 981 1448 60
999 1415 1039 1451 ><
1059 1411 1192 1461 1783,
1220 1414 1286 1452 seu
1310 1426 1327 1451 1
1349 1413 1398 1453 ad
1417 1413 1633 1465 638092,6.

102 1464 225 1505 Unde
268 1479 320 1506 ex
354 1464 618 1518 proportione
665 1463 858 1504 linearum
906 1463 1038 1511 TM,
1082 1462 1133 1504 M
1155 1465 1221 1513 L,
1267 1464 1385 1506 datur
1420 1468 1541 1507 etiam
1578 1469 1636 1508 vis

101 1519 139 1560 Y
156 1521 238 1613 ME:
260 1519 318 1611 I&
355 1520 417 1560 hae
452 1519 540 1560 sunt
576 1518 678 1559 vires
715 1517 816 1558 Solis
851 1517 993 1572 quibus
1022 1518 1152 1559 Lunae
1180 1529 1313 1560 motus
1340 1520 1637 1574 perturbantur.

232 1715 237 1720 ·
291 1691 705 1736 PROPOSITIO
741 1690 901 1734 XXVI.
940 1690 1329 1735 PROBLEMA
1358 1694 1443 1759 vlt,

99 1787 311 1840 Invenire
347 1789 670 1837 incrementum
705 1787 939 1836 horarium
975 1806 1092 1853 qreae
1129 1806 1267 1854 quam
1291 1788 1430 1857 Luna
1449 1829 1465 1853 ‚
1499 1792 1632 1843 radio

248 1891 249 1894 =
276 1857 344 1905 ad
357 1857 548 1906 Terram
570 1855 697 1904 duffo
709 1894 724 1917 ‚
764 1854 813 1904 in
836 1855 1184 1912 Orbevcirculari
1205 1857 1446 1918 defiribit(
1468 1857 1470 1861 ’

155 1951 341 1994 Diximus
366 1962 496 1992 aream
515 1979 526 1997 ‚
556 1962 676 2004 quam
702 1950 819 1991 Luna
843 1951 956 1991 radio
984 1950 1033 1991 ad
1062 1950 1235 1992 Terram
1266 1951 1390 1993 dufto
1423 1953 1632 2005 describit,

59 2022 67 2030 ··
101 2006 179 2048 esse
225 2006 398 2057 tempori
443 2004 815 2058 proportionalem,
858 2005 928 2045 nisi
971 2011 1164 2059 quatenus
1199 2015 1334 2047 motus
1371 2007 1543 2049 Lunaris
1580 2011 1630 2051 ab

103 2060 260 2101 afflone
298 2059 398 2099 Solis
439 2058 627 2099 turbatur.
691 2058 1003 2113 Inaequalitatem
1035 2060 1232 2101 momenti
1268 2061 1356 2113 (vel
1392 2061 1632 2105 incrementi

104 2112 278 2163 horarii)
315 2112 380 2152 hic
417 2111 724 2165 investigandam
750 2113 1030 2167 proponimus.
1094 2112 1151 2154 Ut
1180 2115 1440 2167 ‘computatio
1477 2116 1631 2159 facilior

105 2167 298 2215 reddatur
318 2195 330 2214 ,
362 2166 555 2218 fingmus
582 2166 723 2207 orbem
751 2169 880 2207 Lunae
905 2167 1138 2209 circularem
1164 2167 1240 2209 effe
1258 2197 1270 2216 ,
1319 2169 1360 2209 δε
1389 2170 1632 2224 inaequalita-

107 2232 167 2262 tes
188 2233 327 2262 omnes
345 2232 395 2261 ne
425 2220 610 2273 ligamus,
638 2234 684 2263 ea
702 2220 779 2261 sola
796 2230 963 2274 excepta
981 2251 993 2269 ‚
1020 2222 1073 2263 de
1091 2236 1169 2276 qua
1193 2221 1258 2263 hic
1282 2223 1423 2277 agitur.
1480 2225 1547 2266 Ob
1571 2226 1632 2265 in-

104 2285 270 2330 gentem
288 2287 385 2315 vero
433 2274 741 2316 olisdistantiam
760 2303 772 2322 ,
807 2287 1001 2328 ponamus
1029 2277 1148 2318 etiam
1175 2277 1295 2318 lineas
1321 2278 1353 2318 S
1361 2279 1404 2318 P
1421 2308 1433 2326 ,
1464 2276 1544 2318 ST
1562 2278 1632 2319 fibi

103 2330 279 2378 invicem
303 2328 500 2382 parallelas
524 2328 614 2372 effe.
667 2328 767 2372 Hoc
794 2328 912 2424 {aff}
936 2330 994 2422 {is
1029 2330 1134 2373 LM
1164 2331 1382 2396 reducetur
1405 2333 1559 2387 semper
1552 2330 1635 2427 magi
