2079 3033
407 153 482 192 162
717 141 1213 190 PHILOSOPHIAE
1248 139 1662 187 NATURALIS

218 241 381 273 DzMoru
414 240 488 280 bus
512 236 614 279 affio
637 233 753 288 ipsius
783 232 818 271 T
839 231 1043 272 minuetur
1069 231 1269 286 undique,
1296 229 1584 283 decrescetque
1610 228 1652 269 in
1670 229 1824 270 ratione
1853 227 1955 283 plus-

222 282 399 312 CW'OWM
419 306 537 349 quam
559 290 757 342 duplicata
775 285 981 326 distantiae.

480 342 668 388 Come.
713 342 821 400 Cum
849 351 983 400 autem
1017 340 1188 394 pendeat
1218 339 1412 392 Apfidum
1437 334 1661 391 progressus
1689 336 1750 377 vel
1769 337 1960 389 regressus

426 418 448 444 a
475 401 738 442 decremento
766 408 823 436 vis
853 406 1087 447 cents-ipetae
1120 394 1225 435 fafio
1251 395 1292 434 in
1317 393 1456 446 majori
1484 394 1542 431 vel
1576 391 1724 433 minori
1751 402 1869 443 quam
1888 392 1967 431 du-

427 457 569 511 plicata
606 451 761 491 ratione
791 448 985 489 distantiae
1009 448 1122 496 TP,
1151 450 1191 489 in
1221 448 1386 492 transitu
1414 446 1594 499 corporis
1620 444 1667 484 ab
1695 443 1845 497 Apfide
1886 445 1964 485 ima

429 510 479 551 ad
510 505 702 567 Apsidem
732 504 945 548 summam3
978 514 1022 543 ut
1053 504 1095 544 δε
1123 518 1143 543 a
1174 503 1284 545 simili
1313 504 1563 543 incremento
1593 504 1633 539 in
1659 499 1791 539 reditu
1808 498 1858 538 ad
1883 500 1966 550 Ap-

429 563 553 605 fidem
572 572 728 620 imam?
767 568 888 620 atque
919 556 1025 598 adeo
1055 558 1252 599 maximus
1281 556 1325 597 fit
1355 556 1423 596 ubi
1451 553 1663 608 proportio
1682 553 1739 593 vis
1758 553 1798 593 in
1819 551 1973 605 Apfide

428 618 580 660 summa
607 614 657 654 ad
691 626 773 653 vim
800 626 841 651 m
865 610 1017 664 Apfide
1047 613 1126 653 ima
1155 613 1329 654 maxime
1355 609 1508 651 recedit
1534 622 1555 648 a
1582 607 1783 660 duplicata
1811 607 1969 647 ratione

429 670 700 712 distantiarum
723 666 895 708 inversa:
927 667 1178 707 manifestum
1203 666 1259 706 est
1281 664 1393 720 quod
1424 662 1593 716 Apfides
1609 661 1653 701 ‘in
1671 661 1850 715 Syzygiis
1868 660 1943 700 suis
1961 688 1978 707 ‚
2017 706 2020 707 ⁷

430 739 504 779 per
537 726 620 765 vim
644 721 858 780 ablatitiarn
885 719 931 759 K
937 719 976 759 L
994 722 1057 771 seu
1077 721 1129 761 N
1133 721 1245 761 M-
1267 719 1304 760 L
1319 720 1369 759 M
1385 747 1397 765 ‚
1425 715 1737 770 progredientur
1766 715 1944 756 velocius
1960 743 1975 760 ,

431 782 555 833 inque
579 776 846 837 Quadratum
880 773 955 814 suis
983 775 1129 816 tardius
1169 774 1362 815 recedent
1388 784 1460 824 per
1486 772 1568 810 vim
1597 768 1822 810 addititiam
1854 768 1892 809 L
1909 768 1973 808 M.

436 834 503 889 Ob
522 833 825 873 diuturnitatem
846 841 944 868 vero
963 829 1155 882 temporis
1175 841 1258 881 quo
1283 826 1474 866 velocitas
1492 822 1717 876 progressus
1733 823 1796 863 vel
1816 822 1978 863 tarditas

434 886 630 941 regressus
648 884 925 929 continuatur,
951 882 996 922 fit
1022 883 1110 923 haec
1128 881 1370 935 inaequalitas
1393 879 1513 930 longe
1532 876 1716 916 maxima.

490 942 615 982 Corol.
645 954 681 991 9.
739 937 780 978 Si
807 948 954 989 corpus
980 936 1143 990 aliquod
1169 935 1209 976 vi
1235 934 1444 988 reciproce
1460 929 1750 984 proportionali
1779 931 1999 986 quadrato'

435 996 629 1037 distantiae
671 992 749 1033 suae
786 1004 807 1030 a
843 998 1017 1037 centro,
1061 991 1338 1031 revolveretur
1375 987 1481 1027 circa
1517 985 1595 1025 hoc
1630 995 1815 1027 centrum
1843 986 1883 1026 in
1910 984 1980 1025 El·-

435 1050 608 1104 lipfi,-&
636 1059 763 1093 mox,
789 1043 831 1084 in
852 1044 1040 1085 descensu
1066 1045 1114 1085 ab
1158 1043 1309 1098 Apfide
1341 1042 1492 1082 summa
1528 1041 1597 1079 seu
1632 1039 1754 1092 Auge
1783 1039 1833 1079 ad
1864 1038 1980 1092 Apfi-

438 1104 533 1144 dem
553 1104 696 1147 imam,
727 1100 785 1139 vis
813 1098 876 1139 illa
906 1111 978 1151 per
996 1098 1191 1140 accessum
1210 1106 1450 1152 perpetuum
1470 1093 1528 1134 vis
1546 1105 1662 1133 novae
1692 1103 1907 1148 augeretur
1936 1093 1980 1133 in:

439 1158 597 1199 ratione
608 1155 814 1209 plusquam
825 1153 955 1206 dupli-

441 1223 529 1252 cata
561 1211 756 1251 distantiae
781 1208 956 1248 diminu-

443 1263 764 1306 taezmanifessum
776 1262 833 1302 est
842 1259 954 1315 quod

443 1332 591 1373 corpus
611 1348 623 1366 ‚
658 1325 857 1371 perpetuo
892 1328 957 1355 ac—

444 1373 551 1415 cefl'u
569 1373 627 1413 vis
642 1372 743 1412 illius
753 1382 871 1411 novae
883 1370 957 1409 im-

442 1428 596 1481 pulsum
623 1425 779 1476 semper
802 1424 843 1462 in
862 1435 957 1462 cen-

448 1493 555 1521 trum
568 1508 578 1527 ,
588 1478 711 1532 magis
721 1485 905 1529 vergeret
915 1476 958 1516 in

443 1536 522 1576 hoc
539 1542 724 1574 centrum
743 1560 755 1579 ,
783 1542 904 1584 quam
930 1529 958 1570 fi

442 1595 656 1641 urgeretur
683 1586 722 1624 vi
751 1585 830 1624 sola
855 1583 959 1623 cres-

449 1652 567 1683 cente
580 1641 621 1680 in
632 1638 829 1692 duplicata
839 1636 961 1675 ratio-

445 1709 497 1737 ne
515 1693 707 1736 distantiae
725 1690 934 1731 diminutae
952 1717 964 1735 ,
992 1686 1175 1739 adeoque
1200 1685 1356 1727 Orbem
1382 1684 1626 1727 describeret
1651 1685 1765 1727 Orbe
1792 1685 1983 1740 Elliptico

445 1749 680 1790 interiorem
703 1774 715 1793 ‚
769 1743 811 1784 ἅτ
849 1745 900 1784 in·
929 1740 1080 1795 Apfide
1126 1741 1203 1781 ima
1249 1740 1413 1793 propius
1457 1740 1671 1781 accederet
1708 1740 1758 1780 ad
1795 1752 1981 1782 centrum

447 1816 568 1857 quam
597 1801 719 1854 prius.
774 1797 896 1839 Orbis
925 1797 1074 1849 igitur,
1124 1793 1278 1835 acceffu
1315 1793 1443 1845 hujus·
1465 1794 1524 1834 vis
1560 1807 1677 1835 novae
1707 1823 1718 1841 ‚
1763 1793 1832 1833 fiet
1861 1795 1984 1848 magis

448 1856 715 1898 excentricus.
771 1851 813 1892 Si
850 1851 933 1904 jarn-
966 1850 1023 1890 vis
1049 1876 1061 1895 ,
1104 1848 1146 1889 in
1175 1847 1327 1889 recessu
1363 1849 1545 1901 corporis
1573 1849 1620 1889 ab
1650 1847 1800 1901 Apfide
1828 1848 1907 1889 ima
1934 1848 1985 1890 ad

450 1910 644 1964 Apfidem
670 1908 863 1948 summam
890 1934 903 1953 ‚
946 1903 1194 1944 decresceret
1225 1902 1365 1943 iisdem
1393 1902 1580 1955 gradibus
1608 1902 1750 1956 quibus
1779 1913 1871 1944 ante
1899 1917 1986 1944 cre-

451 1974 586 2010 verat,
613 1962 763 2004 rediret
792 1972 938 2014 corpus
973 1959 1023 1998 ad
1061 1956 1283 1998 distantiam
1312 1955 1512 2009 priorem,
1542 1956 1727 2010 adeoque
1765 1956 1794 1996 fi
1828 1958 1885 1998 vis
1915 1958 1985 1998 de-

454 2018 605 2059 crescat
643 2017 684 2057 in
720 2013 860 2067 maj0ri
891 2013 1074 2059 ratione,
1118 2024 1262 2064 corpus
1288 2010 1367 2063 jam
1400 2011 1530 2051 minus
1554 2011 1765 2052 attractum
1799 2011 1985 2053 ascendet

454 2072 504 2113 ad
542 2071 766 2112 distantiam
803 2067 993 2120 majorem
1033 2066 1074 2106 δε
1123 2066 1175 2106 fic
1210 2064 1330 2106 Orbis
1367 2064 1660 2106 Excentricitas
1698 2066 1828 2106 adhuc
1865 2067 1987 2120 magis

452 2125 674 2184 augebitur.
731 2124 855 2178 Igitur
883 2121 911 2163 fi
938 2121 1039 2161 ratio
1068 2119 1309 2161 incrementi
1348 2119 1388 2158 &
1426 2119 1676 2161 decrementi
1704 2120 1763 2160 vis
1783 2121 1991 2175 ‚centripe-

457 2190 508 2240 tm
546 2179 702 2232 singulis
738 2175 1058 2219 revolutionibus
1094 2184 1314 2229 augeatur,
1351 2174 1560 2227 augebitur
1598 2175 1752 2228 semper
1779 2173 1990 2216 Excentri-

457 2244 577 2279 cltas;
607 2234 649 2273 ὅτ,
677 2246 700 2273 e
727 2230 1170 2279 contra32diminuetur
1195 2228 1338 2270 eadem
1364 2227 1392 2267 fi
1419 2228 1521 2268 ratio
1547 2229 1612 2269 illa
1638 2228 1851 2269 decrescat.
1900 2229 1990 2282 Jam

458 2288 617 2348 vero—in
646 2287 863 2340 Systemate
887 2297 1105 2338 corporum
1138 2282 1189 2331 T,
1218 2283 1282 2329 P,
1309 2281 1360 2329 S,
1390 2281 1459 2322 ubi
1488 2282 1656 2335 Apfides
1679 2282 1800 2323 Orbis
1837 2284 1880 2323 P
1898 2284 1994 2324 AB

459 2341 607 2385 suntin
624 2341 913 2396 Quadraturis,
941 2339 1043 2380 ratio
1060 2339 1125 2380 illa
1143 2336 1383 2380 incrementi
1408 2350 1452 2378 ac
1470 2336 1719 2378 decrementi
1738 2336 1901 2378 minima
1917 2338 1996 2386 est,

1954 2391 1997 2432 i&
