2079 3033
303 131 308 137 ’
357 167 435 216 3292
660 141 1153 191 PHILOSOPHIAE
1209 112 1618 204 NATURALis

167 252 215 282 De
235 251 333 281 Moru
363 230 486 272 dubio
517 228 640 282 magis
669 224 846 267 resistunt
875 234 994 276 quam
1022 220 1233 275 liquidiora
1254 248 1266 267 ‚
1301 227 1345 259 ut
1374 218 1521 259 Oleum
1551 218 1741 270 frigidum
1769 234 1892 276 quam

167 285 538 326 CORr'Olwmrcalidum
561 311 572 329 ,
617 279 790 321 calidum
818 290 939 332 quam
966 288 1068 330 aqua
1098 274 1273 328 pluvialis
1294 300 1305 319 ,
1348 286 1448 325 aqua
1476 285 1594 325 quam
1625 271 1788 324 Spiritus
1819 278 1890 320 Vi-

366 340 420 383 ni.
477 338 631 380 Verum
662 335 703 374 in
731 331 949 386 liquoribus
977 330 1046 384 qui
1074 329 1124 369 ad
1153 327 1304 368 sensum
1333 326 1419 367 satis
1458 326 1572 366 fluidi
1608 325 1696 366 sunt
1715 355 1727 372 ‚
1769 340 1813 375 ut
1851 332 1892 374 in

368 396 501 439 Aere,
528 391 567 430 in
596 390 715 442 Aqua
740 388 806 427 seu
835 385 942 426 dulci
972 384 1040 425 seu
1071 383 1187 429 salsa,
1222 381 1270 421 in*
1294 380 1503 433 Spiritibus
1530 379 1658 426 Vini,
1695 379 1894 426 Terebin-

365 449 424 489 thi
453 447 492 486 &
525 444 694 488 Salium,
721 441 761 481 in
791 439 895 481 Oleo
915 453 936 479 a
956 437 1119 479 faecibus
1137 449 1207 490 per
1229 435 1530 475 destillationem
1550 434 1717 474 liberato
1736 435 1776 475 δε
1796 439 1897 478 cale-

364 501 469 543 fado
488 527 499 546 ,
532 497 721 551 Oleoque
752 494 915 537 Vitrioli
945 493 986 533 δέ
1018 490 1229 533 Mercurio
1248 519 1264 536 ‚f
1296 502 1341 528 ac
1373 488 1546 529 Metallis
1576 488 1797 542 liquefaciis
1816 519 1827 537 ,
1857 492 1899 532 ἃς

366 554 464 609 siqui
493 552 566 592 fint
596 551 678 597 alii,
706 549 774 603 qui
804 560 886 589 tam
915 546 1029 588 fluidi
1059 547 1148 586 sunt
1175 544 1276 584 utin
1295 542 1388 591 vasis
1411 543 1545 596 agitati
1565 544 1899 598 motumimpres-

366 610 449 650 sum
480 606 629 647 diutius
653 605 890 645 conservent
910 632 921 649 ‚
965 600 1157 654 effusique
1183 598 1383 639 liberrime
1414 598 1454 637 in
1482 606 1611 650 guttas
1642 596 1900 640 decurrendo

341 662 610 705 'resolvantur
630 689 641 707 ,
685 659 812 699 nuilus
846 656 989 697 dubito
1026 655 1123 708 quin
1161 653 1296 705 regula
1325 652 1436 692 allata
1464 651 1551 691 satis
1581 661 1767 696 accurate
1797 653 1901 693 obti-

369 727 480 759 neat:
512 713 729 768 praesertim
760 713 785 753 si
813 710 1085 764 experimenta
1112 708 1153 748 in
1169 705 1402 760 corporibus
1426 704 1608 759 pendulis
1629 704 1669 744 δε
1689 705 1902 759 majoribus

371 772 413 812 ἃ
434 770 607 811 velocius
626 770 744 809 motis
762 766 1025 806 instituantur.
1527 760 1531 762 '

425 824 613 876 Denique
651 834 744 862 cum
781 817 1046 872 receptissima
1086 815 1412 868 Philosophorum
1452 813 1576 853 aetatis
1612 812 1725 862 hujus
1762 815 1909 868 opi‘nioe

372 880 416 922 fit
435 909 446 927 ‚
496 877 684 918 Medium
713 874 921 928 quoddam
952 871 1171 912 aethereum
1199 869 1240 907 &
1269 868 1390 919 longe
1419 865 1708 907 subtilissimum
1739 878 1876 911 extare
1894 880 1917 919 ,’

375 933 487 989 quod
523 944 661 973 omnes
699 929 879 969 omnium
917 936 1134 978 corporum
1168 933 1288 975 poros
1327 921 1368 960 &
1406 930 1558 961 meatus
1587 920 1787 962 liberrime
1817 937 1908 977 per..

374 998 505 1034 meet;
537 1000 557 1026 a
588 986 652 1024 tali
681 993 814 1023 autem
846 979 990 1020 Medio
1017 991 1088 1032 per
1117 988 1335 1029 corporum
1363 988 1484 1030 poros
1514 974 1668 1015 fluente
1696 972 1915 1021 resistentia>

374 1043 471 1084 oriri
499 1041 662 1082 debeat:
693 1047 736 1078 ut
766 1045 962 1076 tentarem
991 1047 1040 1074 an
1070 1030 1302 1078 resistentia,
1331 1043 1452 1084 quam
1473 1030 1513 1070 in
1535 1029 1654 1069 motis
1671 1032 1908 1084 corporibus

374 1097 603 1149 experimur
623 1121 634 1141 ‚
671 1102 756 1132 tota
785 1090 830 1131 fit
860 1090 900 1129 in
915 1086 1069 1129 'eorum
1097 1096 1261 1126 externa
1291 1083 1526 1140 superficie,
1574 1096 1623 1123 an
1653 1097 1750 1124 vero
1778 1098 1907 1139 partes

379 1152 497 1192 etiam
528 1149 695 1189 internae
722 1147 763 1187 in
791 1141 1071 1197 superficiebus
1098 1139 1269 1193 propriis
1299 1138 1552 1179 refistentiam
1583 1138 1798 1180 notabilem
1817 1141 1912 1183 sen-

380 1206 504 1251 tiam,
533 1200 759 1255 excogitavi
789 1198 1108 1251 experimentum
1128 1194 1216 1234 tale.
1275 1192 1361 1234 Filo
1387 1191 1538 1244 pedum
1565 1191 1753 1232 undecim
1784 1194 1914 1248 longi.

383 1258 552 1304 tudinis,
581 1257 628 1297 ab
660 1268 767 1296 unco
795 1251 985 1305 chalybeo
1012 1249 1099 1290 satis
1122 1248 1264 1293 firmo,
1292 1246 1495 1286 mediante
1525 1245 1671 1285 annulo
1700 1245 1915 1301 chalybeo‚

383 1311 667 1365 suspendebam
684 1308 875 1363 pyxidem
894 1305 1100 1356 abiegnam
1119 1301 1355 1347 rotundam,
1384 1299 1433 1339 ad
1461 1298 1786 1348 constituendum
1818 1315 1915 1356 pen.-

384 1367 523 1408 dulum
553 1363 812 1417 longitudinis
842 1358 1054 1413 praedictae.
1111 1354 1249 1396 Uncus
1277 1354 1427 1395 sursum
1462 1363 1683 1406 praeacutus
1719 1365 1804 1395 erat
1832 1360 1917 1399 acie

384 1433 558 1462 concava
571 1428 655 1466 ‚rut
674 1415 838 1457 annulus
857 1426 951 1453 arcu
970 1411 1040 1452 suo
1060 1410 1261 1463 superiore
1281 1408 1382 1449 aciei
1413 1407 1571 1448 innixus
1600 1407 1801 1450 liberrime
1828 1424 1916 1453 mo-

384 1484 557 1515 veretur.
614 1471 741 1512 Arcui
770 1478 904 1509 autem
931 1465 1110 1507 inferiori
1131 1463 1414 1504 annecftebatur
1433 1462 1555 1503 filum.
1611 1462 1843 1506 Pendulum,
1865 1466 1920 1508 ita

383 1527 643 1570 constitutum
673 1522 923 1565 deducebam
951 1534 972 1560 a
1000 1518 1291 1574 perpendiculo
1316 1518 1366 1558 ad
1393 1516 1614 1557 distantiam
1644 1517 1753 1572 quasi
1769 1520 1918 1572 pedum

382 1583 472 1630 sex,
500 1581 625 1633 idque
652 1577 869 1619 secundum
895 1576 1055 1627 planum
1084 1573 1183 1613 aciei
1212 1572 1306 1612 unci
1333 1571 1685 1623 perpendiculare,
1719 1585 1770 1612 ne
1795 1587 1919 1615 annu-

384 1638 468 1685 lus,
496 1635 696 1676 oscillante
722 1630 921 1684 pendam,
952 1628 1066 1679 supra
1093 1624 1220 1665 aciem
1251 1624 1343 1663 unci
1371 1625 1477 1662 ultro
1495 1625 1681 1675 citroque
1709 1625 1921 1669 laberetur,

386 1691 494 1732 Nam
522 1687 712 1743 punRum
740 1681 1019 1736 suspensionis,
1047 1679 1089 1719 in
1119 1690 1202 1731 quo
1232 1676 1398 1716 annulus
1426 1687 1575 1714 uncum
1595 1675 1744 1728 tangit,
1773 1680 1918 1721 immo-
1970 1710 1973 1713 ,

387 1755 474 1785 tum
493 1754 651 1784 manere
673 1738 805 1779 debet.
863 1735 1024 1776 Locum
1043 1732 1165 1785 igitur
1184 1739 1367 1771 accurate
1384 1728 1591 1776 notabam,
1621 1730 1670 1770 ad
1699 1743 1819 1784 quem
1848 1735 1924 1776 de-

387 1799 581 1839 duxeram
600 1792 838 1847 pendulum,
867 1789 962 1829 dein
979 1786 1156 1840 pendulo
1179 1783 1345 1825 demiffo
1365 1783 1548 1823 notabam
1567 1783 1639 1823 alia
1659 1785 1731 1824 tria
1757 1787 1845 1831 loca
1866 1790 1922 1830 ad„

389 1865 479 1907 quae
498 1849 652 1891 redibat
673 1848 712 1887 in
730 1846 807 1886 fine
827 1840 1078 1884 oscillationis
1100 1839 1256 1893 primes,
1290 1836 1475 1878 secundae
1494 1850 1538 1877 ac
1558 1837 1701 1879 tertiae.
1738 1839 1836 1882 Hoc
1857 1856 1924 1883 re-.

388 1906 573 1958 petebam
601 1902 739 1954 saepius
756 1929 769 1947 ,
804 1907 848 1938 ut
877 1897 964 1936 loca
990 1895 1054 1934 illa
1080 1906 1199 1946 quam
1226 1891 1337 1945 potui
1366 1889 1655 1931 accuratiffime
1683 1892 1923 1940 invenirembv

386 1960 499 2001 Tum
526 1957 718 2011 pyxidem
748 1950 912 2007 plumbo
938 1949 980 1988 δε
1007 1947 1271 2001 gravior-mum
1298 1958 1388 1999 quae
1418 1944 1467 1984 ad
1496 1957 1634 1985 manus
1660 1957 1771 1988 erant
1789 1978 1806 1997 ,,
1838 1963 1921 1992 me.

389 2014 486 2055 tallis
523 2009 749 2064 implebam.
814 2004 893 2046 Sed
930 2003 1039 2057 prius
1075 2001 1346 2056 ponderabam
1381 1999 1576 2052 pyxidem
1602 2013 1764 2042 vacuam
1785 2033 1797 2051 ‚
1841 2018 1924 2047 una

389 2080 481 2108 cum
518 2074 629 2117 parte
665 2063 718 2103 fili
751 2073 844 2115 ‘quae
882 2058 1035 2098 circum
1063 2056 1255 2111 pyxidem
1281 2054 1514 2094 volvebatur
1546 2067 1593 2093 ac
1621 2053 1798 2098 dimidio
1832 2071 1918 2112 par.

392 2121 441 2161 tis
477 2120 638 2171 reliquae
675 2128 766 2171 quae
799 2116 902 2155 inter
937 2125 1084 2152 uncum
1121 2110 1161 2150 &
1197 2108 1385 2162 pyxidem
1420 2107 1632 2160 pendulam
1671 2110 1920 2158 tendebatun

394 2174 523 2225 (Nam
551 2173 662 2213 filum
690 2169 844 2210 tensum
871 2165 1041 2208 dimidio
1061 2164 1250 2217 ponderis
1277 2162 1332 2203 sui
1348 2162 1574 2221 pendulum
1593 2176 1612 2202 a
1633 2167 1926 2218 perpendiculo-

394 2226 606 2281 digressum
636 2226 788 2276 semper
826 2221 988 2276 urget.)
1047 2219 1159 2259 Huic
1189 2217 1359 2272 ponderi
1389 2215 1586 2256 addebam
1616 2218 1773 2270 pondus
1802 2222 1922 2263 Aeris.

391 2293 511 2333 quem
548 2278 659 2333 pyxis
692 2276 880 2328 capiebat.
935 2274 989 2315 Et
1024 2273 1182 2326 pondus
1219 2282 1350 2312 totum
1386 2280 1469 2310 erat
1498 2283 1574 2323 qua
1605 2284 1691 2325 pars
1718 2273 1925 2329 septuage-

396 2336 487 2379 sima
521 2334 661 2376 offiiava
694 2330 854 2386 pyxidis
875 2329 1128 2374 metallorum
1154 2326 1291 2381 plenae.
1351 2324 1465 2366 Tum
1482 2328 1671 2378 quoniam
1697 2328 1810 2381 pyxis
1839 2342 1922 2370 me-

1066 2414 1069 2420 *
1203 2411 1205 2414 >
1745 2381 1932 2427 talloruin
