2079 3033
355 194 436 236 470
596 164 598 166 ’
661 171 1157 222 PHILOSOPHIAE
1212 168 1621 214 NATURALts

142 256 334 314 *vm-Mnum
415 262 599 317 Vapores
630 269 766 301 autem
784 287 796 306 ,
839 257 910 312 qui
941 256 1070 310 spatiis
1095 265 1176 298 tam
1206 253 1407 299 immensis
1433 251 1645 307 implendis
1673 253 1897 310 sufficiant,

151 297 346 334 {numm
361 332 413 360 ex
448 318 711 359 Cometarum
745 311 1036 366 Atmosphaeris
1070 310 1165 352 oriri
1201 310 1311 362 poffe
1331 339 1343 358 ‚
1394 308 1638 362 intelligetur
1663 322 1715 350 ex
1739 314 1896 358 raritate

362 373 481 415 Aeris
507 369 640 411 nostri.
694 366 800 408 Nam
827 367 912 407 Aer
935 366 1048 419 juxta
1075 365 1326 420 superficiem
1357 362 1504 404 Terrae
1533 362 1702 416 spatium
1729 377 1897 421 occupat

302 441 308 443 ·
363 426 469 482 quali
498 424 575 473 850
601 421 777 476 partibus
812 420 937 473 majus
964 433 1084 476 quam
1111 421 1231 473 Aqua
1258 418 1434 472 ejusdem
1459 416 1679 471 ponderis,
1725 417 1898 474 ideoque

322 496 325 497 ⁷
362 480 479 523 Aeris
514 478 702 518 columna
739 474 1116 529 cylindricapedes
1155 474 1231 523 850
1268 475 1378 520 alta,
1416 470 1591 526 ejusdem
1629 472 1685 512 est
1712 473 1902 526 ponderis

365 546 457 575 cum
484 532 614 585 Aquae
648 531 833 572 columna
866 530 999 584 pedali
1037 527 1255 569 latitudinis
1289 526 1477 579 ejusdem.
1541 523 1741 567 Columna
1769 537 1904 570 autem

363 588 480 629 Aeris
516 585 566 626 ad
602 585 871 626 summitatem
909 583 1200 636 Atmosphaerae
1237 580 1436 633 assurgens
1459 588 1596 633 aequat
1622 580 1805 633 pondere
1831 582 1903 624 suo

364 641 593 682 columnam
618 641 750 693 Aquae
776 639 902 693 pedes
932 652 978 686 33
1008 638 1128 678 altam
1157 635 1350 680 circiter;
1387 634 1427 674 &
1458 644 1669 685 propterea
1693 633 1722 674 fi
1749 636 1904 678 colum-

364 708 425 736 nae
460 694 584 735 totius
622 696 768 734 Aereae
802 705 896 747 pars
930 692 1097 733 inferior
1132 689 1282 743 pedum
1321 687 1399 738 850
1436 687 1654 728 altitudinis
1691 687 1907 739 dematur,

362 762 450 803 pars
474 747 626 802 reliqua
653 747 832 799 superior
855 746 1027 801 aequabit
1055 744 1235 797 pondere
1271 742 1342 783 suo
1370 741 1599 782 columnam
1628 742 1761 796 Aquae
1787 745 1905 786 altam

361 803 485 856 pedes
513 816 573 851 32.
637 801 736 843 Inde
765 814 863 841 vero
896 804 974 852 (ex
1008 796 1236 852 Hypothefi
1270 795 1404 836 multis
1440 795 1724 846 experimentis
1758 799 1906 840 confir-

362 866 467 897 mata
484 886 495 903 ,
540 856 652 909 quod
679 854 920 908 compreffio
951 853 1067 894 Aeris
1098 852 1141 892 sit
1167 861 1212 891 ut
1245 848 1404 902 pondus
1432 849 1725 900 Atmosphaerae
1752 851 1908 893 incum-

364 911 491 951 bentis
511 939 523 957 ,
562 909 756 964 quodque
786 908 954 960 gravitas
982 907 1028 946 fit
1055 906 1264 957 reciproce
1288 912 1333 943 ut
1360 901 1600 955 quadratum
1628 902 1820 945 distantiae
1850 908 1907 947 lo-

364 972 508 1005 corum
544 977 564 1003 a
597 974 739 1004 centro
767 962 812 1001 T
813 961 939 1011 errae)
987 958 1332 1011 computationem
1371 969 1442 1008 per
1475 956 1615 1003 Corol.
1649 956 1771 1012 Prop.
1807 973 1907 1001 xx11.

365 1018 457 1060 Lib.
485 1018 534 1059 II.
572 1016 750 1056 ineundo
772 1046 783 1062 ,
831 1014 966 1054 inveni
1003 1011 1116 1067 quod
1146 1013 1262 1057 Aer,
1308 1010 1337 1051 fi
1374 1009 1608 1051 ascendatur
1643 1024 1664 1051 a
1699 1011 1907 1065 superficie

365 1071 509 1112 Terrae
528 1070 578 1111 ad
597 1069 849 1110 altitudinem
867 1066 1150 1109 semidiametri
1176 1065 1291 1107 unius
1319 1064 1511 1124 terrestris
1528 1092 1540 1112 ,
1575 1065 1701 1105 rarior
1720 1066 1766 1106 fit
1786 1080 1908 1122 quam

364 1126 469 1178 apud
506 1138 579 1165 nos
617 1125 658 1164 in
695 1123 851 1164 ratione
886 1123 1007 1174 longe
1034 1119 1199 1173 majori,
1246 1131 1367 1173 quam
1399 1118 1510 1170 spani
1539 1119 1669 1159 omnis
1698 1119 1798 1161 infra
1827 1122 1907 1163 Or.

364 1179 458 1220 bem
486 1178 644 1219 Saturni
681 1177 731 1216 ad
759 1176 924 1230 globum
951 1176 1149 1216 diametro
1180 1173 1298 1226 digiti
1333 1172 1448 1213 unius
1477 1171 1733 1226 descriptum.
1789 1173 1906 1216 Ideo-

365 1246 445 1286 que
483 1231 623 1285 globus
660 1231 778 1271 Aeris
823 1229 944 1271 nostri
980 1229 1153 1282 digitum
1191 1239 1316 1268 unum
1357 1227 1486 1274 latus,
1532 1239 1576 1266 ea
1615 1240 1709 1268 cum
1745 1229 1907 1272 raritate

365 1299 489 1340 quam
515 1286 679 1326 haberet
708 1286 749 1325 in
777 1285 987 1325 altitudine
1017 1282 1301 1323 semidiametri
1326 1282 1440 1321 unius
1471 1280 1687 1327 terrestris,
1722 1281 1908 1336 impleret

369 1352 509 1381 omnes
546 1340 799 1380 Planetarum
841 1339 1027 1391 regiones
1062 1336 1112 1376 ad
1149 1336 1273 1390 usque
1311 1335 1502 1388 sphaeram
1528 1334 1686 1376 Saturni
1714 1335 1756 1375 ἃ.
1785 1337 1906 1391 longe

362 1395 481 1434 ultra.
547 1393 726 1434 Proinde
752 1405 847 1433 cum
872 1395 957 1433 Aer
987 1390 1119 1431 adhuc
1143 1390 1260 1430 altior
1293 1389 1336 1429 in
1361 1388 1598 1430 immensum
1622 1388 1822 1438 rarescat3
1864 1392 1908 1432 δε

366 1461 483 1488 coma
509 1446 575 1487 seu
595 1446 875 1499 Atmosphaera
901 1446 1089 1487 Cometae
1105 1473 1116 1491 ,
1142 1443 1397 1485 ascendendo
1424 1442 1471 1492 ab
1489 1442 1589 1483 illius
1607 1453 1772 1493 centro,
1799 1445 1907 1498 quafi

367 1501 542 1554 decuplo
578 1501 694 1541 altior
731 1501 777 1541 fit
812 1512 935 1555 quam
972 1497 1198 1552 superficies
1234 1497 1393 1548 nuclei,
1439 1496 1586 1538 deinde
1623 1498 1749 1539 cauda
1775 1499 1906 1542 adhuc

362 1557 483 1596 ,altius
507 1554 719 1602 ascendat,
762 1554 938 1596 debebit*
953 1553 1078 1594 cauda
1105 1551 1182 1593 esse
1211 1564 1331 1606 quam
1357 1550 1558 1592 rariffima.
1616 1551 1670 1592 Et
1697 1554 1876 1605 quamvis
1893 1588 1903 1602 ,

367 1610 420 1649 ob
446 1610 566 1662 longe
591 1608 820 1650 crafliorem
847 1607 1113 1649 Cometarum
1140 1606 1461 1658 Atmosphaeram
1481 1634 1494 1653 ,
1528 1618 1794 1660 magnamque
1820 1620 1908 1648 cor-

367 1675 512 1716 porum
549 1663 854 1716 gravitationem
891 1662 1026 1703 Solem
1060 1660 1231 1708 versus,
1275 1660 1317 1700 δε
1354 1659 1659 1711 gravitationem
1699 1661 1907 1713 particula-

365 1730 456 1758 rum
486 1717 603 1757 Aeris
633 1716 675 1756 δε
703 1728 896 1769 vaporum
923 1716 964 1754 in
990 1715 1030 1754 se
1054 1722 1196 1753 mutuo
1214 1740 1226 1758 ‚
1261 1712 1348 1752 fieri
1377 1710 1498 1763 poffit
1523 1721 1568 1752 ut
1596 1713 1682 1753 Aer
1710 1714 1751 1754 in
1777 1714 1906 1767 spatii-s

340 1770 593 1812 „coelestibus
630 1769 753 1822 inque
781 1768 1047 1808 Cometarum
1081 1765 1219 1805 caudis
1256 1777 1340 1806 non
1375 1764 1479 1805 adeo
1505 1765 1705 1812 rarescat;
1748 1769 1905 1821 perexi-

358 1836 485 1877 guam
511 1832 646 1863 tamen
675 1822 938 1875 quantitatem
963 1818 1082 1861 Aeris
1111 1820 1152 1859 &
1181 1831 1397 1872 vaporum,
1435 1819 1486 1858 ad
1513 1820 1647 1859 omnia
1673 1820 1734 1860 illa
1761 1822 1924 1862 cauda-1

366 1890 456 1918 rum
487 1876 758 1918 Phaenomena
793 1874 951 1916 abunde
987 1871 1201 1920 sufficere,
1247 1885 1298 1927 ex
1323 1872 1398 1912 hac
1427 1873 1731 1924 computatione
1760 1875 1907 1929 perspi-

366 1943 489 1972 cuum
523 1930 589 1971 est.
654 1929 758 1970 Nam
788 1929 828 1970 ἃ
860 1927 1079 1975 caudarum
1110 1925 1270 1980 infignis
1305 1926 1440 1966 raritas
1473 1926 1676 1979 colligitur
1711 1940 1761 1968 ex
1797 1928 1905 1972 astris

365 1996 437 2038 per
474 1997 538 2025 eas
572 1982 914 2025 transsucentibus.
978 1980 1256 2034 Atmosphaera
1289 1979 1482 2021 terrestris
1516 1981 1609 2021 luce
1644 1981 1747 2022 Solis
1779 1982 1906 2036 splen-

366 2039 487 2085 dens,
514 2037 770 2079 craffit'udine
799 2037 863 2078 sua
890 2047 1111 2090 paucorum
1135 2034 1383 2082 milliarium,
1421 2032 1464 2074 δε
1491 2033 1588 2075 astra
1617 2036 1753 2075 omnia
1780 2037 1819 2077 ἃ
1844 2038 1905 2091 ip:

365 2092 445 2133 sam
483 2092 644 2133 Lunam
680 2091 862 2132 obscurat
897 2090 940 2130 δε
975 2089 1172 2142 extinguit
1212 2088 1396 2142 penitus:
1438 2099 1509 2140 per
1534 2088 1768 2130 immensam
1805 2104 1904 2134 vero

360 2146 583 2193 caudarum
612 2145 909 2186 craffitudinem
932 2175 942 2191 ,
981 2144 1069 2184 luce
1094 2143 1242 2196 pariter
1269 2142 1395 2183 Solari
1419 2142 1669 2191 illustratam,
1706 2143 1802 2193 astra
1830 2146 1905 2187 mi-

299 2228 305 2229 r
367 2201 475 2240 nima
510 2199 654 2253 absque
691 2199 875 2240 claritatis
912 2197 1158 2238 detrimento
1193 2196 1435 2238 transsucere
1471 2197 1703 2239 noscuntur.
1754 2199 1903 2254 Neque

364 2253 493 2305 major
515 2253 592 2294 effe
618 2253 715 2293 solet
743 2253 959 2293 caudarum
986 2252 1243 2304 plurimarum
1277 2250 1464 2305 splendor
1482 2279 1494 2298 ‚
1539 2264 1657 2304 quam
1684 2252 1800 2293 Aeris
1829 2266 1898 2293 no·
1916 2252 1929 2265 Χ

364 2307 432 2348 stri
460 2308 501 2348 in
527 2306 739 2348 tenebroso
764 2306 951 2347 cubiculo
978 2304 1189 2348 latitudine
1213 2305 1331 2361 digiti
1359 2304 1475 2348 unius
1494 2303 1743 2356 duorumve,
1770 2308 1900 2349 lucem

366 2362 468 2403 Solis
486 2361 528 2402 in
543 2361 683 2416 jubare
702 2359 957 2405 resse-fientis.
1802 2414 1858 2468 Q

1847 2425 1901 2456 uo
