2079 3033
397 164 745 211 PRINCIPIA
801 141 1360 212 MATHEMATICK
1614 170 1685 222 341

137 256 199 289 tus
216 247 340 289 iidem
358 258 597 303 peragantur
615 263 660 291 ac
680 250 1037 304 p1·iuS,;au=gebitur
1057 251 1097 291 in
1118 249 1390 304 subduplicata
1408 249 1561 292 ratione
1578 249 1679 292 den-
1732 261 1774 290 LI
1786 270 1825 291 BE
1837 264 1870 307 κῇ

135 302 276 350 sitatis,
301 317 345 343 ac
363 303 610 346 diminuetur
633 305 674 345 in
693 304 965 358 subduplicata
985 306 1140 346 ratione
1158 305 1215 346 vis
1235 305 1425 348 Elassicae.
1481 304 1536 347 Et
1554 317 1677 360 prop-
1692 303 1870 338 -S²⁶‘³¹*'¹³”³=

135 366 243 397 terea
273 358 463 399 velocitas
492 357 672 412 pulsuum
692 360 767 400 erit
794 359 835 400 in
856 360 1009 400 ratione
1028 358 1247 413 composita
1270 374 1321 402 ex,
1347 360 1502 401 ratione
1526 359 1674 401 subdu-

132 411 274 463 plicata
292 412 492 453 densitatis
511 411 642 453 Medii
669 413 822 455 inverse
854 413 894 454 &
922 413 1076 454 ratione
1107 413 1377 469 subduplicata
1407 414 1465 456 vis
1492 413 1673 456 Elasticae

87 482 95 489 ·
135 464 298 506 diret‘ie.
329 466 381 522 Q
412 467 472 507 E..
492 467 551 507 D.
856 497 857 500 =

187 519 293 560 fflaec
313 520 539 574 P1·opos1tio
557 521 721 562 ulterius
740 522 891 576 patebit
916 536 967 565 ex
986 521 1280 563 construetione
1299 521 1516 576 sequentis.

342 621 473 662 PRO
489 620 760 664 POSI'TIO
789 624 945 665 XLIX.
977 624 1111 664 PRO
1126 623 1255 665 BLE
1270 624 1369 665 MA
1397 624 1469 667 XL

132 691 270 742 Datis
290 690 444 740 Medii
465 689 678 757 demsttate
702 689 762 741 ΕΦΨ
794 691 864 819 vlis
875 690 921 739 E
922 691 1074 755 lastica
1097 729 1111 752 ,
1161 692 1366 742 invenire
1392 696 1673 747 velocitatem

744 773 812 827 pli
850 777 968 808 mim.

182 847 397 901 Fingamus
415 844 603 886 Medium
621 843 669 884 ab
687 843 948 885 incumbente
968 844 1173 898 pondere,
1188 856 1263 898 pro
1284 856 1398 886 more
1418 846 1535 887 Aeris
1552 850 1673 892 nostri

127 902 340 956 comprimi
361 918 371 947 ;
403 900 529 954 sitque
550 900 588 939 A
606 898 777 939 altitudo
796 897 929 939 Medii
949 899 1193 953 homogenei
1214 928 1225 946 ‚
1260 899 1371 950 cujus
1389 901 1548 954 pondus
1566 903 1671 943 adae-

130 968 228 1011 quet
249 955 407 1009 pondus
435 952 670 995 incumbens
688 983 699 1001 ,
736 953 776 1006 &
798 953 907 1006 cujus
937 953 1106 994 densitas
1125 954 1274 994 eadem·
1294 953 1339 994 fit
1368 968 1460 995 cum
1481 954 1674 998 denfitate

128 1011 262 1052 Medii
282 1007 516 1062 compreffi,
535 1008 574 1048 in
594 1017 677 1060 quo
696 1004 824 1061 pulsus
843 1019 1130 1061 propaganturr
1153 1007 1355 1048 Constitui
1376 1019 1510 1050 autem
1529 1010 1675 1052 intelli-

130 1075 246 1118 gatur
264 1063 489 1115 Pendulum
503 1091 514 1109 ‚
543 1060 652 1113 cujus
670 1061 884 1114 longitudo
900 1063 1005 1103 inter
1026 1062 1218 1117 puncium
1237 1062 1493 1115 suspensionis
1514 1064 1558 1104 &
1576 1078 1673 1106 cen-

68 1157 72 1161 .
129 1130 236 1160 trum
253 1117 504 1158 oscillationis
523 1116 568 1155 sit
585 1115 708 1155 Az&
727 1129 813 1170 quo>
829 1125 1013 1170 tempore
1037 1117 1260 1158 Pendulum
1278 1117 1374 1158 illud
1386 1118 1673 1161 oscillationem

127 1172 321 1226 integ-ram
341 1185 392 1212 ex=
409 1171 467 1211 itu
490 1169 531 1210 δε
549 1169 683 1210 reditu
704 1170 965 1223 com-positam
983 1172 1137 1225 peragit
1157 1201 1168 1219 ‚
1206 1170 1353 1212 eodem
1380 1172 1509 1225 pulsus
1535 1175 1673 1215 eundo

129 1226 317 1267 conficiet
336 1225 503 1279 spatium
521 1223 860 1266 circumferentiae
879 1225 1016 1268 circuli
1037 1226 1151 1267 radio
1170 1227 1209 1267 A
1229 1225 1417 1280 descripti
1437 1228 1601 1281 aequale.

184 1280 290 1322 Nam
315 1278 508 1320 stantibus*
531 1291 622 1333 quae
652 1279 692 1319 in
722 1278 1002 1333 Propofitione
1031 1294 1161 1321 xrvu
1193 1280 1416 1321 construc'ta
1434 1281 1523 1322 sunt
1542 1311 1553 1330 ,
1582 1282 1608 1323 fi
1627 1283 1674 1323 li-

129 1348 204 1377 nea
222 1332 552 1389 quaevis-Physica
582 1332 698 1380 EF,
727 1333 884 1387 singulis
905 1334 1194 1375 vibrationibus
1212 1334 1480 1376 describendo
1501 1337 1670 1389 spatium

130 1389 232 1436 PS,
259 1397 448 1441 urgeatur
466 1388 505 1427 in
526 1387 716 1427 extremis
735 1388 812 1428 itus
832 1387 873 1427 &
900 1388 1053 1428 reditus
1082 1388 1273 1442 cujusque
1299 1389 1399 1430 locis
1431 1390 1473 1429 P
1500 1391 1539 1430 δε
1571 1391 1621 1438 S,
1650 1406 1671 1433 a

131 1444 171 1486 vi
198 1443 364 1484 Elassica
392 1454 482 1495 quae
509 1441 627 1494 ipsius
653 1441 824 1494 ponderi
863 1453 1044 1496 aequetur
1067 1459 1077 1489 ;
1117 1452 1281 1496 peraget
1310 1442 1396 1483 haec
1426 1443 1670 1486 vibrationes

129 1498 296 1551 singulas
317 1510 400 1548 quo
419 1508 603 1549 tempore
622 1495 763 1536 eadem
783 1495 824 1535 in
841 1495 1040 1550 Cycloide
1058 1519 1076 1545 ς
1108 1496 1218 1550 cujus
1238 1497 1454 1550 perimeter
1475 1507 1557 1538 tota
1579 1500 1666 1540 lon-

130 1551 303 1607 gitudini
334 1551 410 1591 PS
436 1550 594 1603 aequalis
613 1549 675 1590 est
689 1577 700 1595 ,
729 1550 893 1590 oscillari
914 1550 1040 1603 poffet
1061 1565 1070 1591 :
1108 1551 1149 1591 id
1178 1550 1282 1591 adeo
1301 1550 1391 1604 quia
1410 1551 1512 1592 vires
1533 1565 1663 1607 aequa⁴

127 1609 184 1648 les
209 1607 372 1660 aequalia
398 1603 628 1656 corpuscula
656 1615 727 1656 per
761 1604 1087 1656 aequaliaspatia
1106 1604 1217 1644 fimul
1252 1605 1479 1657 impellentf
1527 1607 1665 1662 Quare

127 1673 221 1702 cum
249 1659 536 1700 oscillationum
567 1665 750 1709 tempora
779 1656 850 1696 sint
879 1656 920 1696 in
953 1657 1225 1710 subduplicata
1264 1659 1419 1698 ratione
1446 1660 1665 1713 longitudin*

125 1716 185 1757 nis
205 1713 519 1758 Pendulorum‘r
549 1709 590 1749 δε
619 1710 833 1763 longitudo
865 1709 1034 1752 penduli
1054 1722 1236 1766 aequetur
1254 1711 1425 1752 dimidio
1445 1716 1552 1755 arcui
1581 1717 1664 1768 Cy-

125 1768 266 1811 cloidis
285 1768 408 1808 totius
430 1784 455 1813 ;.
479 1765 591 1805 foret.
617 1773 774 1818 tempus
805 1764 1036 1806 vibrationis
1066 1766 1181 1806 uni-us
1209 1766 1435 1820 adtempus
1455 1769 1666 1811 oscillatio-

126 1825 187 1865 nis
214 1820 385 1863 Penduli
406 1819 515 1872 cujus
532 1819 746 1872 longitudo
773 1819 829 1859 est
854 1820 892 1859 A
910 1847 920 1865 ,
956 1820 996 1860 in
1024 1820 1295 1873 subduplicata
1321 1822 1474 1862 ratione
1493 1823 1683 1877 longitumvr

127 1877 231 1918 dinis
257 1875 367 1915 {PS
403 1875 468 1915 seu
498 1874 588 1913 PO
616 1873 664 1913 ad
692 1873 987 1926 longitudinem
1016 1875 1067 1914 A.
1124 1874 1291 1915 Sedvis
1319 1874 1484 1917 Elastica
1515 1891 1591 1932 qua
1620 1880 1664 1919 li=

127 1931 243 1974 neola
265 1929 428 1984 Physica
459 1928 546 1967 EG
565 1956 575 1973 ‚
602 1926 644 1967 in
665 1927 762 1968 locis
784 1927 861 1968 suis
887 1928 1077 1969 extremis
1108 1929 1174 1976 P,
1201 1927 1447 1977 sexium,
1477 1943 1665 1985 urgetur,

129 1994 214 2026 erat
245 1985 310 2035 (in
342 1981 680 2023 demonstratione
708 1980 1189 2035 Propofitionisnvn.)
1222 1984 1271 2024 ad
1301 1984 1383 2036 ejus
1417 1986 1504 2025 vim
1539 1997 1667 2028 totam

130 2037 337 2082 Elasticam
355 2046 399 2076 ut
427 2035 693 2075 HL—KN
713 2036 762 2075 ad
792 2035 831 2076 V
849 2064 860 2082 ,
887 2035 967 2075 hoc
991 2037 1046 2076 est
1075 2039 1192 2090 (cum
1220 2039 1411 2092 puncium
1444 2040 1486 2078 K
1507 2039 1587 2092 jam
1604 2043 1663 2083 in-

131 2094 247 2135 cidat.
260 2092 301 2133 in
330 2091 397 2142 P)
428 2100 470 2130 ut
501 2087 600 2130 HK
623 2090 674 2130 ad
705 2089 764 2132 V:
796 2088 838 2128 &
859 2089 915 2129 vis
935 2090 997 2130 illa
1015 2100 1099 2132 tota
1118 2122 1129 2140 ,
1158 2093 1236 2133 hoc
1257 2092 1312 2132 est
1334 2093 1490 2146 pondus
1509 2095 1668 2137 incum&

130 2149 229 2189 bens
249 2176 259 2193 ‚
304 2158 386 2199 quo
416 2143 560 2185 lineola
599 2144 639 2184 E
657 2145 693 2184 G
730 2143 1051 2197 comprimitur,
1087 2146 1406 2200 estfadpondus
1434 2149 1589 2190 lineolae
1617 2161 1662 2192 ut

130 2200 321 2258 ponderis
347 2198 612 2239 incumbentis
639 2198 810 2239 altitudo
840 2199 879 2238 A
908 2197 957 2238 ad
984 2198 1141 2253 lineolae
1159 2201 1452 2254 longitudinem
1484 2202 1594 2250 EG;
1627 2219 1666 2245 a-

133 2258 293 2310 deoque
314 2267 365 2295 ex
385 2265 522 2306 aeque,
551 2252 606 2293 vis
624 2266 701 2307 qua
719 2253 879 2293 lineola*
894 2252 981 2292 EG
999 2254 1049 2294 ‘in
1070 2253 1165 2295 locis
1184 2256 1258 2296 suis
1290 2257 1332 2295 ‘P
1360 2257 1400 2296 ἃ
1420 2257 1462 2295 S
1487 2269 1665 2310 urgetur„

63 2316 65 2318 ’
133 2311 189 2352 est
207 2310 257 2349 ad
276 2309 430 2349 lineolae
451 2306 553 2347 illius
567 2307 729 2359 pondus?
742 2316 787 2347 ut
809 2306 952 2348 HK><
965 2308 1000 2348 A
1017 2308 1068 2348 ad
1087 2308 1295 2358 V><EG2
1313 2310 1392 2351 sive
1411 2322 1454 2351 ut
1475 2313 1563 2352 Po
1576 2319 1613 2354 ><
1626 2314 1663 2354 A

132 2365 186 2422 ad
212 2362 303 2406 VV
322 2392 333 2411 2
369 2375 458 2403 nam
489 2360 587 2401 HK
610 2360 892 2463 ετεῐῃεῖγιξῗ.
916 2371 959 2402 ut
991 2362 1077 2403 Po
1106 2364 1238 2407 adv.
1296 2365 1433 2420 Quare
1454 2377 1667 2474 cumptgxnaiss-

1656 2451 1684 2471 ³.
