2079 3033
414 158 490 207 386
730 147 1220 206 PHILOSOP-HIAE
1268 145 1679 191 -NATURALts
1747 161 1749 166 s

212 254 267 288 DE
290 252 406 283 Momm
422 239 514 281 culo
527 268 538 287 ,
567 238 608 278 ἃ·
627 234 784 276 densior
801 233 853 274 ad
872 241 1057 274 centrum
1076 243 1196 285 quam
1213 230 1256 270 in
1272 228 1421 270 fodinis
1439 239 1565 282 prope
1586 227 1853 282 superficiem,
1881 232 1952 273 nifi

213 296 411 346 Srsrfflffffi
425 293 531 336 forte
547 292 700 332 calores
719 289 760 329 in
779 287 895 329 Zona
915 285 1070 328 torrida
1080 283 1374 339 longitudinem
1384 281 1658 324 Pendulorum
1670 283 1953 337 aliquantulum

427 354 621 389 auxerint.
860 366 861 369 =

481 397 716 440 Observavit
732 396 872 449 utique
890 395 953 435 D.
971 394 1167 434 ‘Picartus
1194 391 1306 446 quod
1330 392 1440 444 virga
1464 389 1593 431 ferrea
1610 418 1622 436 ,
1656 402 1747 443 quae
1774 390 1955 447 tempore

423 453 604 509 hyberno
641 450 709 491 ubi
748 449 929 504 gelabant
962 447 1111 501 frigora
1156 455 1241 486 erat
1283 445 1395 499 pedis
1430 444 1547 485 unius
1581 444 1863 497 longitudine,
1904 448 1956 489 ad

420 508 557 561 ignem
596 504 780 554 calefacta
814 503 934 544 evafit
970 501 1083 555 pedis
1119 500 1234 541 unius
1261 509 1522 552 curn-quarta
1551 508 1662 551 parte
1690 498 1815 546 lineae.
1873 499 1957 541 De-

422 560 518 602 inde
562 561 620 600 D.
652 560 696 599 de
725 561 765 599 la
801 557 907 597 Hire
943 555 1165 596 observavit
1209 553 1319 608 quod
1355 552 1466 606 virga
1499 551 1745 604 ferrea'quae
1776 563 1972 606 tempore„

421 614 615 656 consimili
649 613 830 666 hyberno
870 611 938 652 sex
973 619 1056 651 erat
1092 608 1240 662 pedum
1277 606 1568 660 longitudinis,
1616 605 1683 646 ubi
1712 605 1795 647 Soli
1822 604 1961 649 aestivo'

423 668 700 722 exponebatur
744 666 864 707 evafit
907 665 976 705 sex
1009 661 1159 717 pedum
1193 660 1454 714 longitudinis
1491 672 1585 701 cum
1630 659 1783 701 duabus
1830 663 1959 704 tertiis

423 722 600 777 partibus
626 722 754 762 lineae.
810 719 853 760 In
881 719 1016 770 priore
1042 716 1131 757 casu
1160 716 1268 755 calor
1315 714 1440 767 major
1474 713 1549 755 fuit
1596 726 1715 767 quarn
1750 715 1794 754 in
1830 715 1960 770 poste-

417 777 530 819 vriore
552 808 562 824 ‚
605 777 648 816 in
682 775 763 815 hoc
795 786 893 814 vero
930 770 1055 824 major
1090 769 1166 810 fuit
1203 781 1322 823 quam
1359 768 1467 808 calor
1504 777 1759 810 externarum
1787 769 1960 822 partium

424 830 605 884 corporis
641 828 816 870 hnmani.
879 826 983 866 Nam
1017 823 1173 864 metalla
1208 821 1428 877 aduSolem
1462 820 1640 861 aestivum
1669 821 1783 861 valde
1818 822 1962 864 incale==

424 885 550 926 scunt.
617 884 673 923 At
707 882 818 934 virga
849 878 1013 931 penduli
1048 877 1090 916 in
1126 875 1340 928 horologio
1375 874 1615 914 oscillatorio
1651 887 1855 928 nunquam
1893 879 1963 917 ex-

424 938 523 993 poni
555 937 652 978 solet
684 935 805 977 calori
838 932 938 972 Solis
980 929 1132 976 aestivi,
1175 940 1379 982 nunquam
1420 928 1595 969 calorem
1632 929 1809 982 concipit
1842 929 1965 971 calori

425 1002 604 1039 externae
633 986 855 1043 superficiei
880 984 1061 1037 corporis
1088 982 1251 1023 humani
1280 982 1486 1036 aequalem.
1543 980 1596 1023 Et
1617 993 1827 1035 propterea
1845 983 1965 1037 ‘virga

423 1044 599 1087 Penduli
636 1043 678 1083 in
711 1040 926 1092 horologio
963 1049 1043 1078 tres
1078 1036 1201 1090 pedes
1239 1037 1359 1089 longa
1389 1065 1400 1083 ,
1443 1037 1562 1089 paulo
1602 1036 1770 1088 quidem
1805 1034 1965 1090 longior

427 1100 503 1141 erit
523 1108 706 1150 ternpore
724 1094 859 1136 aestivo
877 1105 998 1147 quam
1017 1090 1199 1144 hyberno
1219 1118 1232 1137 ,
1270 1089 1340 1130 sed
1359 1089 1517 1130 exceffu
1537 1098 1719 1144 quartam
1737 1099 1891 1143 partem
1919 1092 1965 1133 li-

424 1165 512 1195 neae
539 1151 654 1193 unius
683 1149 752 1191 vix
770 1149 990 1202 superante.
1047 1144 1227 1186 Proinde
1244 1143 1470 1184 differentia
1489 1153 1575 1185 tota
1592 1142 1851 1196 longitudinis
1867 1153 1965 1198 pen-

423 1207 613 1248 dulorum
640 1216 729 1258 quae
760 1202 803 1243 in
822 1200 984 1252 diversis
1009 1198 1240 1252 regionibus
1269 1197 1479 1238 isochrona
1502 1197 1594 1238 *sunt
1613 1226 1625 1244 ,
1661 1197 1820 1238 diverso
1840 1199 1966 1240 calori

422 1259 587 1302 attribui
611 1271 694 1306 non
720 1255 862 1311 potest.
921 1253 1004 1295 Sed
1029 1265 1163 1307 neque
1191 1251 1392 1292 erroribus
1419 1251 1760 1292 Astronomorum
1782 1251 1805 1290 ὲ
1825 1252 1963 1294 Gallia

423 1313 629 1356 missorum
659 1310 870 1353 tribuenda
897 1308 954 1349 est
980 1308 1068 1348 haec
1098 1304 1336 1347 differentia.
1394 1304 1500 1346 Nam
1520 1304 1701 1359 quamvis
1720 1317 1862 1347 eorum
1894 1306 1967 1347 ob-

423 1367 665 1410 servationes
691 1377 775 1406 non
800 1361 978 1417 perfecte
1002 1368 1231 1412 congruant
1268 1359 1373 1400 inter
1400 1358 1441 1399 se
1461 1387 1473 1406 ,
1518 1368 1653 1400 tamen
1681 1371 1840 1400 errores
1876 1359 1967 1401 sunt

423 1422 527 1462 adeo
545 1420 654 1474 parvi
673 1428 717 1460 ut
737 1415 945 1459 contemni
966 1412 1127 1468 poffint.
1162 1411 1218 1454 Et
1236 1413 1278 1453 in
1295 1412 1374 1453 hoc
1392 1412 1644 1454 concordant
1662 1424 1822 1460 omnes,
1850 1414 1964 1468 quod
1990 1458 1993 1462 ,

420 1475 629 1516 isochrona
648 1472 823 1525 pendula
840 1471 928 1512 sunt
945 1469 1131 1510 breviora
1147 1466 1218 1507 sub
1228 1465 1456 1521 AEquatore
1474 1479 1595 1521 quarn
1612 1466 1654 1506 in
1673 1466 1965 1509 Observatorio

420 1528 558 1582 Regio
577 1526 816 1579 Parist'enst,
852 1523 1045 1566 existente
1064 1520 1290 1563 differentia
1318 1521 1490 1562 duarum
1507 1521 1668 1562 circiter
1688 1521 1879 1563 linearum
1897 1522 1966 1564 'seu

421 1583 543 1624 sextae
561 1580 681 1635 partis
701 1580 829 1633 digiti.
886 1578 963 1619 Per
992 1575 1287 1618 observationes
1315 1575 1377 1616 D.
1409 1574 1560 1616 Richer
1575 1575 1616 1615 in
1639 1576 1816 1625 Cayemm
1835 1575 1967 1624 factas,

422 1635 648 1676 differentia
676 1633 752 1674 fuit
780 1633 895 1674 lineae
925 1630 1041 1671 unius
1068 1642 1162 1669 curn
1190 1627 1353 1670 semiffe.
1409 1628 1536 1668 Error
1564 1627 1728 1668 semiffis
1764 1629 1876 1668 lineae
1906 1629 1963 1669 fa-

423 1689 501 1730 cile
534 1687 813 1729 committitur.
878 1685 932 1725 Et
960 1684 1021 1724 D.
1046 1682 1114 1721 des
1141 1680 1274 1733 Hayes
1296 1678 1431 1732 postea
1459 1692 1530 1732 per
1555 1679 1850 1721 observationes
1878 1681 1964 1724 suas

422 1743 466 1784 in
490 1742 630 1783 eadem
655 1739 776 1780 insula
794 1737 912 1778 factas
937 1747 1120 1776 errorem
1146 1733 1324 1774 correxit
1344 1761 1356 1780 ‚
1401 1733 1563 1773 inventa
1589 1732 1815 1774 differentia
1842 1736 1963 1777 linea-

424 1809 516 1843 rum
538 1810 609 1840 hi·
667 1792 745 1834 Sed
776 1792 817 1832 δε
836 1804 907 1845 per
933 1787 1231 1829 observationes
1257 1786 1299 1827 in
1324 1785 1456 1826 insulis
1482 1786 1611 1827 Gorea
1629 1816 1642 1834 ‚
1677 1787 1932 1842 Guadaloupa·
1951 1820 1963 1839 ,

423 1849 653 1889 Martinica
672 1880 681 1892 ,
723 1837 933 1890 Granada‚
961 1842 999 1881 S.
1024 1840 1285 1893 Christophori
1301 1868 1313 1887 ‚
1344 1839 1387 1879 δε
1417 1840 1457 1880 S.
1477 1841 1687 1881 Dominici
1706 1840 1824 1881 factas
1849 1842 1891 1882 &
1909 1844 1961 1884 ad

423 1901 690 1955 AEquatorem
715 1897 896 1940 reductas
913 1925 925 1943 ‚
961 1893 1186 1935 differentia
1211 1892 1275 1933 illa
1303 1892 1455 1946 prodiit
1481 1893 1589 1933 haud
1613 1894 1744 1934 minor
1762 1907 1881 1949 quam
1903 1907 1962 1943 15}

422 1956 558 2002 lineae‚
586 1953 692 1995 haud
712 1951 837 2004 major
853 1961 973 2005 quam
1000 1954 1041 1990 23>
1070 1948 1275 1988 linearum.
1335 1945 1389 1986 Et
1414 1946 1518 1987 inter
1542 1948 1616 1987 hos
1633 1947 1779 1988 limites
1804 1952 1961 2002 quanti-

423 2020 480 2051 tas
509 2007 724 2049 mediocris
753 2005 811 2046 est
838 2017 901 2053 222.-
926 2003 1131 2043 linearum.
1188 2000 1359 2054 Propter
1387 2001 1537 2041 calores
1562 2002 1745 2042 locorum
1774 2001 1816 2042 in
1845 2002 1960 2045 Zona

424 2062 577 2103 torrida
594 2061 838 2114 negligamus
866 2068 899 2105 aa
927 2066 1056 2110 partes
1082 2055 1197 2096 lineae
1215 2083 1227 2102 ‚
1266 2055 1308 2095 &
1335 2053 1510 2095 manebit
1537 2052 1763 2096 differentia
1790 2056 1959 2099 duarum

427 2117 632 2157 linearum.
1404 2131 1407 2133 ·

482 2169 620 2222 Quare
647 2180 739 2208 cum
769 2163 994 2206 differentia
1022 2164 1085 2205 illa
1111 2176 1183 2217 per
1210 2160 1409 2202 Tabulam
1436 2161 1736 2214 praecedentem
1755 2193 1767 2211 ,
1813 2178 1865 2206 ex
1892 2164 1960 2220 hy-

428 2222 581 2276 pothefi
605 2220 718 2275 quod
746 2219 877 2260 Terra
895 2231 947 2259 ex
975 2218 1137 2259 materia
1162 2215 1416 2257 uniformiter
1442 2215 1565 2256 densa
1591 2216 1743 2257 constat
1759 2223 1775 2265 ,’
1807 2218 1853 2259 fit
1873 2228 1960 2260 tan-

425 2287 512 2317 tum
543 2279 632 2324 12⁷5.
658 2274 801 2314 lineae:
841 2272 1016 2313 excess'us
1053 2270 1272 2312 altitudinis
1299 2268 1443 2309 Terrae
1476 2269 1528 2310 ad
1563 2281 1809 2324 aequatorem
1844 2271 1958 2325 supra

426 2327 677 2371 altitudinem
705 2326 788 2380 ejus
809 2326 859 2368 ad
883 2327 1027 2380 polos,
1061 2326 1132 2382 qui
1156 2334 1238 2366 erat
1271 2323 1497 2372 milliarium
1528 2329 1621 2375 175,
1655 2325 1735 2379 jam
1755 2324 1888 2378 aniius
1914 2326 1958 2367 in

510 2394 514 2398 ’
1803 2388 1957 2422 ratione
