2079 3033
385 185 438 211 20
645 162 1144 224 PHILOSOPHIAE
1198 161 1601 209 NATURALIS

185 253 409 297 Axxomrffisi
428 253 469 294 in
498 264 627 294 vacuo
655 250 857 293 cecidiffet
887 249 939 290 de
968 236 1061 289 loco
1088 245 1130 287 T.
1196 245 1432 300 Exponatur
1460 247 1582 302 igitur
1609 248 1693 291 haec
1721 249 1912 291 velocitas

227 312 308 334 SIVE

383 322 454 364 per
481 307 675 349 chordam
695 318 806 347 arcus
826 304 866 345 T
880 306 929 345 A.
1003 303 1106 344 Nam
1127 301 1383 343 velocitatem
1405 302 1574 344 penduli
1595 303 1637 344 in
1655 303 1801 358 puncto
1830 306 1915 347 infin

382 377 452 405 mo
479 362 555 404 effe
587 373 628 401 ut
655 359 848 401 chordam
885 371 997 400 arcus
1034 369 1157 410 quem
1184 355 1368 397 cadendo
1406 357 1608 411 descripsit
1627 387 1655 406 ‚›
1692 358 1917 413 Propofitio

385 419 441 461 est
459 415 691 459 Geom-:tris
719 414 929 455 notiffima.
988 412 1082 453 Post
1100 409 1365 452 reflexionem
1393 412 1599 465 perveniat
1626 426 1773 467 corpus
1800 416 1845 453 A
1867 415 1918 457 ad

384 475 519 515 locum
548 488 566 511 s
584 501 594 518 ‚
634 469 674 510 &
698 483 843 523 corpus
865 469 904 508 Β
921 468 971 508 ad
991 468 1124 507 locum
1147 465 1180 506 k.
1235 464 1422 506 Tollatur
1442 480 1587 519 corpus
1617 468 1657 508 B
1677 470 1716 508 δε
1745 467 1921 512 invenia-

384 538 449 569 tur
480 529 588 566 locus
615 539 674 570 υς
712 539 733 564 a
751 537 833 578 quo
853 524 880 564 fi
907 534 1052 574 corpus
1076 521 1116 559 A
1141 519 1377 560 demittatur
1407 520 1447 560 <Sc
1467 521 1554 574 post
1575 535 1694 563 unam
1713 523 1924 565 oscillatio-

384 594 479 623 nem
498 580 635 620 redeat
661 578 711 619 ad
733 586 866 619 locum
888 592 910 617 r
929 606 940 624 ,
969 576 1013 616 sit
1035 591 1055 615 s
1072 584 1091 615 t
1118 586 1206 627 pars
1227 585 1366 629 quarta
1386 574 1501 629 ipsius
1521 591 1544 615 r
1561 589 1592 616 v
1610 576 1678 617 sita
1696 577 1737 618 in
1756 579 1894 620 medio
1913 607 1928 626 9

385 638 438 678 ita
461 635 647 675 videlicet
677 643 721 673 ut
743 648 766 673 r
784 648 804 672 s
823 632 862 672 δε
887 641 906 672 t
925 645 950 671 u
968 639 1178 684 aequentur
1201 647 1211 675 ;
1245 629 1284 668 δε
1304 642 1375 682 per
1400 629 1598 670 chordam
1618 645 1731 672 arcus
1750 641 1768 671 t
1787 634 1833 672 A
1856 647 1926 673 exa

384 700 556 744 ponatur
584 687 773 729 velocitas
801 699 920 741 quarn
949 698 1095 738 corpus
1124 685 1166 723 A
1187 684 1371 738 proxime
1401 684 1487 737 post
1506 684 1770 727 reflexionem
1790 687 1927 729 habuit

386 747 428 786 in
449 746 540 785 loco
562 745 612 783 A.
675 742 780 782 Nam
801 751 820 782 t
838 742 913 782 erit
934 741 1045 780 locus
1065 739 1129 779 ille
1150 751 1267 779 verus
1289 739 1327 777 &
1351 738 1553 780 correclus
1567 768 1578 786 ,
1617 740 1667 781 ad
1695 754 1818 794 quem
1836 755 1927 783 cor-

383 812 460 854 pus
480 799 548 845 A,
592 796 738 837 sublata
764 796 863 837 aeris
883 793 1097 836 resistentia
1116 823 1128 842 ‚
1173 792 1385 834 ascendere
1412 793 1617 834 debuisset.
1696 795 1822 836 Simili
1842 809 1930 837 me-

387 853 519 894 thodo
548 851 810 905 corrigendus
829 850 903 891 erit
923 851 1035 890 locus
1061 850 1085 889 k
1105 877 1116 896 ,
1145 847 1193 888 ad
1215 861 1341 901 quem.
1356 860 1501 901 corpus
1522 847 1560 887 Β
1580 847 1780 896 ascendit,
1810 852 1852 890 δε
1869 851 1929 892 in·-

387 906 611 951 veniendus
638 907 749 946 locus
778 908 812 949 l,
842 904 892 944 ad
922 917 1045 959 quem
1064 915 1208 956 corpus
1227 902 1325 943 illud
1347 901 1561 943 ascendere
1578 901 1772 944 debuiffet
1791 904 1834 945 in
1863 918 1930 946 ναε-

386 977 476 1005 cuo.
546 960 644 1001 Hoc
665 960 780 1014 pacto
801 959 974 1012 experiri
1004 958 1097 998 licet
1118 956 1251 998 omnia
1280 955 1451 1010 perinde
1481 969 1526 997 ac
1556 956 1584 998 s1
1612 956 1654 997 in
1683 970 1811 999 vacuo
1831 972 1931 1000 con-

385 1018 512 1060 stituti
532 1015 709 1057 essemus>e
765 1013 958 1054 Tandem
987 1011 1222 1053 ducendum
1251 1011 1327 1052 erit
1345 1023 1492 1064 corpus
1523 1011 1568 1051 A
1583 1011 1624 1052 in
1653 1011 1848 1054 chordam
1870 1027 1932 1055 ar-

385 1085 455 1113 cus
486 1072 574 1112 TA
598 1073 613 1117 ί
634 1082 724 1124 quae
743 1069 1000 1109 velocitatem
1020 1066 1102 1119 ejus
1124 1065 1287 1107 exhibet
1307 1068 1322 1117 )
1362 1076 1405 1106 ut
1427 1065 1618 1107 habeatur
1636 1077 1771 1108 motus
1789 1068 1871 1121 ejus
1888 1068 1930 1109 in

384 1127 478 1168 loco
513 1129 551 1166 A
564 1124 749 1179 proxime
777 1135 868 1163 ante
887 1121 1156 1163 reflexionem
1178 1138 1189 1166 ;
1220 1119 1369 1160 deinde
1400 1119 1441 1160 in
1459 1119 1652 1162 chordam
1673 1135 1784 1164 arcus
1813 1133 1832 1163 t
1856 1122 1905 1162 A
1917 1143 1930 1170 ;

384 1191 429 1221 ut
448 1181 638 1222 habeatur
656 1188 790 1218 motus
809 1178 890 1223 eius
910 1177 951 1217 in
973 1177 1065 1216 loco
1087 1176 1132 1214 A
1155 1174 1339 1228 proxime
1359 1174 1447 1228 post
1466 1174 1746 1217 reflexionem.
1802 1176 1858 1215 Et
1876 1175 1930 1216 fic

385 1248 530 1290 corpus
560 1235 598 1273 Β
623 1232 856 1273 ducendum
886 1231 961 1271 erit
980 1231 1021 1271 in
1041 1230 1235 1271 chordam
1254 1242 1368 1269 arcus
1389 1229 1429 1268 B
1446 1231 1491 1276 l,
1520 1239 1564 1270 ut
1584 1230 1773 1271 habeatur
1795 1238 1931 1271 motus

385 1289 468 1340 ejus
488 1288 673 1343 proxime
692 1285 779 1339 post
799 1284 1075 1326 reflexionem.
1125 1283 1177 1323 Et
1197 1283 1309 1324 fimili
1320 1282 1537 1329 methodo,
1567 1284 1634 1321 ubi
1654 1294 1827 1336 corpora
1846 1283 1932 1326 duo

385 1343 497 1384 simul
525 1342 793 1383 demittuntur
821 1340 871 1380 de
906 1340 1003 1380 locis
1032 1337 1194 1379 diversis
1212 1368 1224 1385 ,
1273 1335 1504 1378 inveniendi
1524 1335 1767 1377 suntmotus
1787 1338 1929 1379 utrius-

386 1410 465 1451 que
494 1409 575 1438 tam
595 1405 707 1441 ante,
736 1406 855 1448 quam
885 1393 973 1447 post
1001 1391 1267 1432 reflexionem
1287 1408 1298 1437 ;
1340 1389 1380 1430 &
1400 1399 1487 1430 tum
1508 1389 1673 1431 demum
1693 1391 1934 1434 conferendi

384 1452 472 1492 sunt
503 1461 638 1492 motus
658 1450 762 1488 inter
781 1449 819 1488 se
841 1448 880 1487 δε
904 1446 1121 1500 colligendi
1151 1444 1315 1486 effectus
1345 1443 1589 1484 reflexionis.
1675 1444 1775 1486 Hoc
1806 1446 1934 1487 modo

385 1506 428 1545 in
465 1504 650 1546 Pendulis
671 1502 822 1554 pedum
853 1501 996 1540 decem
1015 1512 1101 1539 rem
1121 1498 1316 1539 tentando
1336 1527 1348 1545 ‚
1384 1497 1508 1551 idque
1528 1499 1569 1538 in
1590 1499 1828 1552 corporibus
1853 1510 1935 1541 tam

385 1558 643 1613 inaequalibus
675 1568 796 1608 quam
826 1553 1040 1607 aequalibus
1060 1582 1071 1599 ,
1110 1554 1150 1592 δε
1181 1552 1369 1592 faciendo
1388 1560 1433 1591 ut
1453 1564 1625 1604 corpora
1645 1553 1698 1593 de
1718 1553 1936 1595 intervallis
1986 1561 1989 1564 ’

384 1612 625 1666 amplissimis
645 1638 656 1655 ‚
685 1617 779 1659 puta
810 1609 959 1658 pedum
980 1606 1074 1643 οᾶο
1102 1606 1165 1643 vel
1183 1605 1403 1643 duodecim
1424 1605 1486 1643 vel
1507 1605 1732 1654 sexdecim,
1761 1622 1935 1649 concur-

384 1677 544 1711 rerent;
575 1661 705 1715 reperi
733 1659 887 1713 semper
909 1658 988 1698 fine
1008 1670 1144 1698 errore
1171 1658 1293 1697 trium
1313 1656 1535 1709 digitorum
1554 1657 1593 1696 in
1613 1660 1804 1700 mensuris
1825 1690 1837 1708 ‚
1866 1661 1936 1703 ubi

385 1734 555 1774 corpora
581 1717 646 1758 fibi
678 1725 822 1754 mutuo
853 1712 1003 1753 direete
1024 1711 1313 1752 occurrebant,
1340 1709 1454 1764 quod
1474 1711 1642 1762 aequales
1663 1722 1775 1754 erant
1805 1723 1934 1755 muta-

384 1776 513 1816 tiones
544 1782 730 1814 motuum
768 1767 1002 1820 corporibus
1032 1768 1072 1807 in
1101 1776 1231 1822 partes
1259 1766 1475 1806 contrarias
1495 1765 1610 1805 illatae
1629 1795 1641 1814 ,
1679 1778 1801 1822 atque
1823 1768 1929 1810 adeo

383 1831 495 1885 quod
525 1827 628 1868 aecio
657 1826 697 1864 <Sc
726 1822 878 1884 rearPrio
903 1821 1057 1874 semper
1165 1858 1191 1888 E
1225 1853 1258 1884 G
1492 1855 1518 1886 (1
1562 1857 1594 1887 D
1817 1858 1851 1887 F
1885 1854 1925 1884 F

382 1894 495 1926 erant
534 1882 714 1936 aequaleS.
770 1879 825 1919 Ut
853 1881 881 1917 11
910 1889 1054 1929 corpus
1179 1897 1186 1901 -
1503 1899 1574 1909 .-
1905 1879 1924 1886 -

383 1941 427 1980 A
448 1938 648 1979 incidebat
667 1935 708 1975 in
729 1946 875 1986 corpus
895 1931 933 1970 B
962 1944 1055 1971 cum
1179 1904 1197 2001 K

382 2006 529 2035 novem
559 1990 732 2044 partibus
762 1998 915 2033 motus,
946 1986 986 2025 &
1015 1999 1054 2025 a·
1151 1994 1227 2043 ¹³5,

382 2047 503 2088 miflis
534 2046 684 2098 septem
704 2043 877 2098 partibus
914 2053 1056 2094 perge-
1165 2032 1242 2092 ἢκ

380 2102 448 2142 bat
469 2100 552 2154 post
571 2098 837 2140 reflexionem
855 2094 1054 2136 cumdua-
1191 2101 1214 2133 x

383 2156 479 2201 bus3
520 2167 663 2208 corpus
685 2153 722 2192 Β
741 2150 932 2193 resiliebat
961 2161 1059 2188 cum
1248 2104 1453 2220 Q

383 2209 558 2264 partibus
586 2209 664 2248 iuis
692 2209 854 2260 septem.
912 2203 953 2244 Si
970 2216 1057 2243 cor·
1456 2203 1460 2206 ’
1561 2229 1575 2238 ,ν

383 2277 481 2318 pora
528 2262 684 2303 obviam
736 2262 844 2302 ibant
883 2260 925 2297 A
962 2270 1056 2298 cum

384 2317 604 2359 duodecim
623 2316 799 2370 partibus
814 2315 854 2355 δε
868 2313 906 2352 Β
927 2325 1018 2353 cum
1040 2312 1109 2357 sex
1131 2335 1157 2364 ,Δ
1182 2316 1223 2357 &
1241 2315 1396 2357 redibat
1414 2316 1461 2355 A
1480 2327 1576 2356 cum
1595 2313 1746 2356 duabus
1766 2333 1779 2362 ς
1824 2316 1928 2357 redi-

385 2373 451 2413 bat
478 2372 523 2412 Β
555 2384 652 2412 cum·
676 2370 768 2411 05'10
788 2400 800 2418 ³
854 2368 952 2409 faff'ta
982 2367 1233 2413 deti-afflone
1268 2371 1440 2424 partium
1466 2369 1772 2424 quatuordecim
1803 2370 1933 2411 utrin—

386 2440 476 2483 que.
535 2425 599 2468 De
629 2436 743 2467 motu
767 2423 882 2480 ipfius
913 2420 957 2463 A
980 2420 1258 2469 subducantur
1276 2434 1405 2481 partes
1428 2419 1668 2474 duodecim,
1698 2424 1742 2466 &
1768 2422 1929 2517 restffilit

1806 2490 1847 2520 nl
1914 2490 1933 2518 ,ἐξ
