2079 3033
444 138 791 183 PRINCIPIA
819 134 1375 181 MATHEMATICA.
1597 147 1670 188 379

104 268 105 271 ,
177 223 348 266 Penduli
376 222 418 263 in
446 221 683 264 Latitudine
713 220 891 262 Lutetiae
928 220 1171 273 Paristorum
1207 217 1257 258 ad
1305 218 1456 259 minuta
1494 216 1666 258 secunda
1686 212 1869 281 ξζζζιζ,

123 279 338 320 oscillantis
365 276 579 330 longitudo
605 275 662 315 est
689 275 839 328 pedum
868 276 991 316 trium
1020 271 1290 315 Parifienfium
1319 272 1360 314 δε
1387 272 1580 314 linearum
1613 271 1666 312 83.
1770 284 1773 285 ⁷
1843 255 1870 283 ⁸³

125 332 180 375 Et
197 332 411 386 longitudo
431 330 542 384 quod
560 342 681 383 grave
709 339 893 382 tempore
912 330 1056 370 minuti
1076 328 1188 368 unius
1207 325 1369 369 secundi
1389 325 1576 367 cadendo
1594 325 1665 366 de-

124 387 284 436 scribit,
314 385 436 428 estad
466 384 674 425 dimidiam
704 384 1001 436 longitudinem
1029 381 1192 437 penduli
1221 380 1335 434 hujus
1355 410 1368 430 ,
1406 381 1447 422 in
1465 380 1665 433 duplicata

124 442 281 483 ratione
301 438 637 482 circumferentiae
658 437 796 478 circuli
816 438 866 478 ad
887 438 1129 479 diametrum
1156 435 1238 487 ejus
1269 439 1343 488 (nt
1361 435 1553 477 indicavit
1578 434 1666 475 Hu-

119 496 285 551 genius)
314 495 491 548 ideoque
508 495 565 534 est
581 492 731 547 pedum
747 491 1019 534 Parifienfium
1040 506 1108 543 15,
1145 488 1226 542 dig.
1251 503 1266 528 1
1292 522 1302 537 ,
1331 490 1397 532 lin.
1421 497 1476 543 πῂ
1496 519 1508 537 ,
1535 488 1603 531 seu
1620 490 1665 532 li-

121 562 287 591 nearum
308 555 456 599 21741-5.

175 634 335 685 Corpus
352 632 391 672 in
412 630 565 672 circulo
583 660 595 677 ,
630 630 680 670 ad
700 630 921 683 distantiam
939 632 1088 684 pedum
1113 637 1320 686 19695539
1342 644 1363 671 a
1382 639 1524 673 centro
1545 659 1555 677 ,
1585 628 1659 670 fin·

119 688 220 742 gulis
237 687 377 728 diebus
395 685 556 727 sidereis
574 685 765 725 horarum
784 697 846 737 23.
867 684 939 733 56'.
959 685 1004 734 4''
1022 686 1277 728 uniformiter
1297 686 1528 732 revolvens,
1557 692 1660 724 tem-

116 754 216 796 pore
237 741 381 782 minuti
398 740 513 781 unius
531 737 695 780 secundi
713 737 903 779 describit
932 740 1068 778 arc'um
1097 740 1249 792 pedum
1281 743 1400 791 1436,
1420 753 1519 786 223,
1547 737 1659 789 cujus

116 795 219 837 finus
235 795 368 836 versus
388 794 444 835 est
461 793 612 847 pedum
638 791 925 843 0‚o5236558,
952 792 1017 833 seu
1035 792 1228 833 linearum
1248 807 1270 843 7
1286 827 1293 839 ‚
1309 796 1450 844 54064.
1476 791 1658 844 Ideoque

89 862 91 867 ’
113 850 175 891 vis
191 863 270 905 qua
288 849 420 903 gravia
439 847 689 889 descendunt
708 847 748 888 in
767 846 1005 887 Latitudine
1025 845 1201 887 Lutetiae
1225 881 1233 894 ‚
1265 847 1320 887 est
1341 845 1392 887 ad
1411 847 1491 886 vim
1512 844 1660 885 centri-

109 904 250 958 ·fugam
271 915 489 957 corporum
506 903 547 943 in
567 900 817 956 AEquatore,
842 914 864 941 a
879 900 1025 941 Terrae
1044 911 1160 941 motu
1179 901 1327 943 diurno
1349 898 1584 947 oriundam,
1614 907 1658 939 ut

113 964 258 1012 2174ss
274 958 323 999 ad
344 962 542 1010 7,54064.

173 1050 247 1092 Vis
270 1049 495 1102 centrifuga
523 1060 741 1102 corporum
771 1048 812 1088 in
841 1047 1067 1102 AEquatore
1087 1076 1099 1094 ,
1135 1047 1192 1088 est
1218 1047 1267 1089 ad
1290 1048 1371 1089 vim
1390 1045 1656 1101 centrifugam

110 1117 187 1158 qua
205 1117 373 1158 corpora
390 1102 541 1144 direste
561 1102 734 1143 tendunt
751 1116 772 1142 a
789 1100 918 1143 Terra
938 1102 979 1142 in
1009 1102 1244 1143 Latitudine
1261 1101 1439 1143 Lutetiae
1453 1100 1651 1154 graduum

112 1159 177 1210 48.
200 1159 279 1208 50‘,
307 1159 346 1199 in
368 1157 565 1211 duplicata
590 1157 744 1197 ratione
761 1156 883 1197 Radii
908 1156 958 1196 ad
979 1156 1105 1197 sinum
1132 1157 1418 1211 complementi
1444 1155 1647 1197 Latitudi-

112 1213 173 1259 nis
190 1213 289 1253 illius
310 1242 321 1260 ‚
351 1212 391 1252 id
413 1211 470 1251 est
491 1240 503 1258 ‚
542 1213 594 1252 ut‘
618 1215 806 1263 7‚54064
823 1211 870 1253 ad
905 1225 921 1258 3
940 1215 1053 1260 ‚267.
1110 1211 1297 1252 Addatur
1315 1210 1403 1251 haee
1421 1209 1476 1250 vis
1496 1209 1545 1249 ad
1567 1211 1649 1251 vim

109 1267 188 1319 Qua
206 1266 337 1319 gravia
355 1265 602 1306 descendunt
619 1265 661 1305 in
680 1265 916 1306 Latitudine
935 1263 1132 1313 Lutetiae‚
1155 1263 1649 1318 &corpusinLatitudine

112 1320 288 1361 Lutetiae
316 1321 353 1359 vi
372 1329 457 1360 tota
481 1319 682 1373 gravitatis
713 1320 899 1359 cadendo
918 1350 927 1364 ‚
965 1329 1152 1371 tempore
1183 1320 1328 1360 minuti
1349 1318 1463 1359 unius
1481 1317 1648 1359 secundi

113 1374 355 1416 describeret
375 1374 499 1414 lineas
521 1387 647 1422 2177,
668 1386 739 1425 32,
766 1373 832 1413 seu
851 1373 976 1425 pedes
997 1372 1228 1414 Parifienses
1250 1387 1319 1423 15,
1339 1373 1459 1425 dign
1474 1403 1483 1417 ‚
1517 1372 1558 1411 δε
1581 1373 1648 1412 lin.

115 1442 161 1479 5,
176 1442 236 1476 32·
265 1427 319 1469 Et
339 1427 397 1467 vis
416 1436 500 1467 tota
521 1426 722 1479 gravitatis
740 1426 1036 1467 inLatitudine
1054 1427 1119 1466 illa
1139 1457 1149 1473 ‚
1187 1428 1262 1467 erit
1284 1426 1334 1466 ad
1352 1428 1434 1466 vim
1457 1424 1650 1465 centrifu-

113 1495 206 1577 ἔξω
223 1493 441 1577 egi-porum
459 1481 499 1522 in
518 1480 746 1535 AEquatore
765 1480 909 1522 Terrae
930 1510 941 1528 ,
969 1490 1013 1521 ut
1034 1493 1135 1530 2177
1149 1509 1159 1527 ‚
1174 1495 1223 1528 32
1256 1480 1306 1521 ad
1334 1492 1357 1530 7
1371 1510 1380 1525 ,
1402 1482 1554 1532 54064‚
1582 1479 1650 1521 seu

113 1552 137 1576 2
170 1551 192 1590 9
215 1550 233 1576 a
289 1551 323 1578 1.

169 1628 288 1669 Unde
313 1628 340 1668 fi
375 1625 582 1684 APBQ
603 1625 771 1679 figuram
817 1626 961 1667 Terrae
1006 1624 1184 1678 designet
1226 1624 1307 1677 jam
1353 1638 1436 1665 non
1480 1625 1648 1680 amplius

108 1683 352 1737 Sphaericam
390 1681 456 1721 sed
487 1680 739 1720 revolutione
776 1678 969 1733 Ellipseos
1000 1679 1152 1719 circum
1183 1685 1299 1720 axem
1329 1680 1530 1721 minorem
1555 1679 1663 1737 ‘PQ

107 1738 305 1791 genitam,
323 1735 449 1785 fitque
468 1733 639 1790 ACQq
649 1747 701 1773 ca
719 1734 861 1774 canalis
880 1746 992 1786 aquae
1011 1734 1096 1786 ple-

96 1805 179 1838 na,
206 1805 226 1830 a
247 1791 341 1843 polo
362 1789 438 1847 Qq
457 1788 506 1828 ad
526 1798 711 1828 centrum
741 1788 823 1834 Cc,
852 1788 892 1828 δε
921 1788 1016 1829 inde
1045 1787 1095 1826 ad
1345 1782 1436 1817 Aa

110 1844 376 1898 AEquatorem
406 1844 704 1903 Aa:pergens:
744 1841 908 1882 debebit
939 1840 1096 1893 pondus
1182 1826 1565 2011 ,1,

111 1912 223 1951 aquae
242 1898 282 1937 in
301 1897 440 1937 canalis
453 1909 568 1936 crure
597 1895 762 1942 ACca,
790 1895 1096 1949 esseadpondus

113 1965 226 2005 aquae
247 1951 286 1990 in
304 1963 418 1991 crure
441 1951 567 1990 altero
591 1949 737 2007 Qch
765 1959 808 1990 ut
829 1949 906 2001 289
927 1949 975 1990 ad
998 1949 1097 1996 288,

111 2019 163 2047 eo
190 2005 300 2059 quod
331 2005 388 2044 vis
416 2003 637 2056 centrifuga
673 2016 725 2043 ex
763 2004 947 2044 circulari
984 2014 1099 2045 motu
1143 1991 1174 2027 Ρ
1568 1970 1615 2065 Ξ

113 2070 200 2101 orta
230 2069 382 2111 partem
407 2070 524 2098 unam
553 2071 576 2098 e
604 2057 792 2112 ponderis
818 2058 991 2110 partibus
1019 2057 1095 2110 289

113 2112 313 2160 sustinebit
331 2125 376 2152 ac
397 2111 599 2159 detrahet,
629 2112 670 2152 &
698 2111 858 2165 pondus
888 2111 963 2152 288
984 2112 1022 2153 in
1044 2114 1098 2153 al-

118 2179 207 2208 tero
236 2180 353 2207 crure
390 2165 589 2207 sustinebit
626 2165 807 2220 reliquas.
865 2168 988 2207 Porro
1018 2171 1096 2219 (ex

113 2219 399 2275 Pr‘opofitionis
408 2219 730 2261 xC1.Cor0llar10
740 2220 928 2267 secundo,
937 2219 1028 2262 Lib.
1040 2221 1094 2272 I.)
1357 2208 1395 2239 B

115 2275 459 2329 computationem
481 2274 658 2315 ineundo
677 2303 689 2322 ,
725 2274 889 2315 invenio
916 2275 1028 2327 quod
1057 2276 1083 2316 fi
1111 2278 1242 2320 Terra
1271 2279 1468 2322 constaret
1486 2294 1538 2323 ex
1554 2280 1643 2321 uni.

115 2329 236 2372 sormi
258 2329 445 2379 materia,
471 2337 667 2384 motuque
696 2329 807 2371 omni
835 2329 1056 2427 {rigaretur
1074 2360 1086 2380 ‚
1123 2332 1166 2375 &
1202 2331 1298 2376 esset
1327 2336 1408 2389 ejus
1437 2336 1518 2378 axis
1546 2332 1655 2389 φρ,

978 2397 1000 2422 2
1591 2389 1644 2434 ad
