2079 3033
430 164 780 215 PRINCIPIA
808 169 1363 234 MATHEMATICA:
1596 176 1678 229 '467

131 255 242 308 entis„
269 254 552 309 refrigeratur)
586 255 628 297 in
662 254 725 296 illa
761 254 914 296 ratione
950 253 1081 295 minor
1109 253 1165 295 est
1191 266 1267 309 pro
1281 254 1513 317 ‘quantitate
1541 257 1731 300 mate-Li
1748 262 1834 288 ΜΕ

133 311 203 352 riae
247 310 326 352 suae
375 310 512 352 calidae
554 309 725 351 inclusae.
790 309 969 363 Ideoque
1012 308 1152 362 globus
1196 309 1293 351 ferri
1329 310 1534 352 candentis
1572 311 1665 355 huic

132 364 278 406 Terrae
305 365 462 420 aequalis
479 392 492 412 ‚
529 364 571 404 id
598 364 653 405 est
672 392 684 413 ,
718 363 841 418 pedes
864 365 950 417 plus
977 365 1107 404 minus
1132 377 1347 416 4000o000
1372 366 1494 414 latus,
1529 366 1674 410 diebus

136 419 308 460 totidem
326 448 338 466 ‚
374 419 416 460 δε
445 417 600 460 ideirco
629 419 739 460 annis
766 430 922 467 5oooo‚
963 417 1031 458 vix
1056 418 1345 473 refrigesceret.
1402 419 1586 474 Suspicor
1613 433 1672 464 ta-

136 486 232 515 men
257 472 371 527 quod
398 472 556 515 duratio
583 473 761 521 Caloris,
789 472 841 512 ob
867 471 998 513 causas
1023 472 1209 521 latentes,
1237 483 1429 526 augeatur
1453 475 1496 515 in
1515 475 1670 519 minore

135 528 291 570 ratione
317 540 437 581 quam
465 541 510 575 ea
539 527 753 568 diametri:
785 526 827 567 &
857 526 1028 581 optarim
1049 528 1246 569 rationem
1264 540 1399 569 veram
1425 541 1495 583 per
1513 532 1674 584 experi-

132 580 522 634 menta-investigari.
755 608 758 609 ν

190 636 320 676 Porro
355 635 579 674 notandum
615 634 672 672 est
707 635 820 686 quod
857 635 1030 676 Cometa
1059 636 1203 677 Mense
1231 637 1477 685 Decembri,
1523 639 1590 681 ubi
1619 641 1672 683 ad

133 685 267 730 Solem
313 687 439 728 modo
486 684 703 727 incaluerat
722 714 734 734 ,
777 686 945 727 caudam
988 690 1196 730 emittebat
1240 692 1361 745 longe
1398 692 1591 744 majorem
1628 695 1672 737 &

131 741 441 794 splendidiorem
469 752 590 794 quam
618 749 732 780 antea
759 739 893 780 mense
919 739 1169 789 Novembri,
1208 745 1276 785 ubi
1301 746 1542 787 Perihelium
1571 761 1674 791 non-

131 796 229 837 dum
262 797 459 849 attigerat.
516 794 570 836 Et
607 793 877 835 universaliter
905 795 1045 835 caudae
1070 808 1211 838 omnes
1239 799 1423 840 maximae
1451 801 1491 839 &
1518 801 1676 855 fulgen-

132 849 288 891 tiffimae
317 864 340 891 e
367 849 551 897 Cometis
579 848 787 894 oriuntur,
824 847 953 889 statim
976 848 1064 901 post
1082 849 1285 890 transitum
1306 865 1448 892 eorum
1470 865 1540 905 per
1568 858 1675 910 regi«

133 916 255 945 onem
301 903 413 945 Solis.
479 902 688 944 Conducit
720 902 843 955 igitur
877 902 1085 943 cale—fatuo
1120 903 1306 944 Cometae
1342 905 1391 945 ad
1432 908 1674 960 magnitudi-

131 971 225 1003 nem
254 959 406 1000 caudae.
471 957 526 999 Et
553 956 648 998 inde
674 957 864 1009 colligere
890 956 1031 997 videor
1059 957 1172 1010 quod
1207 959 1332 999 cauda
1369 959 1464 1000 nihil
1491 961 1595 1003 aliud
1625 964 1672 1004 sit

131 1026 251 1067 quarn
280 1026 403 1067 vapor
429 1013 559 1065 longe
579 1011 827 1052 tenuiflimus
846 1039 858 1058 ,
898 1023 1023 1064 quem
1051 1019 1170 1064 caput
1196 1010 1263 1053 seu
1293 1014 1457 1054 nucleus
1483 1014 1671 1058 Cometae

131 1079 202 1121 per
221 1068 396 1108 calorem
416 1066 529 1107 suum
548 1065 708 1105 emittit.

133 1128 136 1131 ·
182 1121 390 1173 Caeterum
415 1119 467 1160 de
494 1119 759 1159 Cometarum
786 1118 922 1160 caudis
950 1119 1096 1172 triplex
1114 1118 1169 1159 est
1188 1121 1348 1174 opinio;
1380 1135 1444 1163 eas
1469 1124 1531 1165 vel
1553 1123 1669 1176 jubar

130 1173 208 1216 effe
233 1174 333 1216 Solis
361 1187 432 1228 per
459 1172 698 1214 transsucida
725 1173 990 1214 Cometarum
1017 1173 1147 1226 capita
1171 1181 1456 1228 propagatum,
1483 1178 1548 1218 vel
1572 1178 1670 1220 oriri

131 1242 184 1270 ex
217 1228 454 1270 refrafflone
491 1228 588 1268 lucis
625 1227 668 1269 in
696 1227 902 1281 progressu
930 1227 1096 1281 ipsius-a
1125 1229 1255 1282 capite
1283 1230 1469 1271 Cometae
1495 1231 1536 1272 in
1563 1231 1672 1272 Ter-

133 1296 238 1330 ram,
267 1283 330 1323 vel
355 1282 531 1336 denique
557 1281 706 1322 nubem
732 1282 809 1322 esse
837 1282 904 1322 seu
930 1294 1121 1336 vaporem
1149 1296 1169 1322 a
1196 1283 1325 1336 capite
1356 1283 1543 1326 Cometae
1565 1285 1674 1340 jugi—

135 1347 198 1378 ter
225 1337 454 1390 surgentem
484 1336 524 1376 &
550 1334 764 1383 abeuntem
793 1336 834 1376 in
860 1346 990 1388 partes
1021 1350 1042 1376 a
1068 1336 1162 1376 Sole
1187 1338 1347 1378 aversas.
1412 1339 1563 1392 Opinio
1589 1340 1671 1393 pri-

131 1404 196 1433 ma
223 1404 365 1431 eorum
392 1389 448 1431 est
475 1389 544 1443 qui
577 1389 761 1431 nondum
789 1390 933 1430 imbuti
959 1389 1048 1431 sunt
1075 1390 1238 1431 scientia
1265 1404 1400 1433 rerum
1418 1392 1670 1445 Opticarumt

133 1446 239 1486 Nam
264 1444 380 1498 jubar
409 1443 509 1485 Solis
536 1443 578 1484 in
604 1443 790 1484 cubiculo
819 1443 1031 1485 tenebroso
1049 1457 1132 1485 non
1150 1445 1347 1493 cernitur,
1374 1445 1445 1486 nifi
1474 1458 1669 1500 quatenus

131 1500 203 1541 lux
238 1498 458 1540 reflectitur
482 1512 505 1538 e
530 1498 741 1551 pulverum
767 1498 808 1538 δε
837 1497 1039 1539 fumo-rum
1068 1498 1270 1552 particulis
1304 1512 1376 1553 per
1403 1513 1536 1541 aerem
1568 1501 1670 1543 sem-

132 1566 204 1607 per
229 1553 513 1594 volitantibus:
543 1552 727 1605 adeoque
755 1552 797 1592 in
823 1565 913 1593 aete
938 1552 1057 1593 fumis
1089 1552 1339 1595 crassioribus
1364 1554 1519 1594 infesto*
1541 1555 1669 1608 splen-

132 1607 265 1649 didius
294 1608 371 1653 est,
404 1608 442 1647 &
470 1606 623 1647 sensum
651 1605 793 1647 fortius
822 1605 939 1652 ferit3
971 1607 1011 1646 in
1040 1620 1131 1652 aere
1158 1607 1326 1648 clariore
1345 1608 1503 1649 tenuius
1522 1609 1597 1656 est,
1625 1610 1670 1650 δε

116 1661 275 1714 .aegrius
307 1660 499 1701 sentitur:
529 1661 571 1700 in
590 1660 706 1700 coelis
734 1669 870 1700 autem
896 1659 1042 1714 absque
1066 1661 1232 1706 materia
1257 1661 1491 1702 refletstente
1516 1664 1670 1705 nullum

131 1716 209 1758 effe
232 1714 375 1768 potest.
430 1713 527 1755 Lux
554 1725 637 1753 non
656 1713 834 1753 cernitur
850 1722 1045 1767 quatenus
1064 1715 1104 1753 in
1119 1714 1258 1766 jubare
1279 1715 1357 1763 est,
1387 1716 1454 1756 sed
1473 1727 1670 1770 quatenus

131 1769 226 1811 inde
244 1768 464 1810 refleftitur
482 1767 532 1808 ad
558 1767 698 1808 oculos
717 1766 886 1808 nostro&
941 1767 1046 1808 Nam
1072 1767 1168 1808 visio
1197 1781 1281 1809 non
1300 1769 1344 1809 fit
1363 1770 1433 1810 nifi
1449 1783 1520 1824 per
1538 1772 1685 1813 radios-v

130 1823 202 1875 qui
218 1823 261 1862 in
278 1823 415 1863 oculos
433 1823 673 1874 impingunt.
728 1821 970 1874 Requiritur
987 1821 1109 1873 igitur
1128 1823 1292 1863 materia
1310 1824 1439 1878 aliqua
1460 1824 1672 1867 reflectens

132 1877 174 1918 in
203 1875 370 1928 regione
397 1876 557 1926 caudae,
585 1887 635 1914 ne
665 1874 820 1915 coelum
850 1883 982 1915 totum
1010 1876 1099 1915 luce
1127 1875 1229 1916 Solis
1256 1876 1489 1919 illustratum
1518 1879 1674 1920 unifor-

131 1930 253 1981 miter
288 1928 503 1982 splendeat.
557 1926 710 1979 Opinio
744 1927 919 1968 secunda
955 1928 1088 1969 multis
1123 1931 1317 1982 premitur
1340 1930 1670 1976 difficultatibus„

132 1982 286 2025 Caudae
324 1994 543 2035 numquam
580 1981 831 2035 variegantur
859 1980 1090 2023 coloribus:
1121 1984 1190 2037 qui
1219 1994 1353 2026 tamen
1382 1985 1669 2029 refrastionum

1681 298 1881 335 Tamtu-¹!

135 2038 263 2079 solent
289 2036 366 2077 effe
394 2036 562 2076 comites
591 2035 875 2089 inseparabiles.
932 2034 1028 2077 Lux
1054 2035 1241 2080 Fixarum
1269 2039 1310 2079 δε
1330 2039 1583 2081 Planetarum
1609 2040 1672 2082 di-
1736 2061 1738 2064 >

136 2091 274 2133 stinPte
303 2091 350 2132 ad
381 2103 452 2131 nos
481 2089 713 2138 transmissa,
739 2089 985 2131 demonstrat
1013 2090 1192 2133 medium
1218 2093 1382 2135 coeleste
1411 2095 1514 2135 nulla
1543 2094 1581 2134 vi
1609 2107 1672 2135 re·-

136 2145 297 2187 fraffiva
333 2145 496 2199 pollere.
551 2144 656 2185 Nam
694 2144 805 2199 quod
846 2143 995 2185 dicitur
1022 2143 1136 2186 Fixas
1164 2147 1211 2187 ab
1240 2146 1474 2202 eAEgyptiis
1500 2158 1676 2190 comatae

137 2211 425 2253 nonnunquam
453 2198 551 2240 visas
573 2198 713 2246 fuisse,
739 2198 781 2239 id
811 2198 1000 2252 quoniam
1037 2199 1227 2242 rariffime
1255 2202 1454 2256 contingit
1473 2232 1485 2251 ‚
1527 2202 1674 2244 adscri-

139 2253 319 2295 bendum
346 2253 402 2294 est
427 2253 591 2294 nubium
621 2252 850 2295 refraffloni
885 2252 1076 2296 fortuitae.
1140 2255 1329 2297 Fixarum
1355 2270 1519 2311 quoque
1550 2252 1679 2306 radia-⁸

139 2308 199 2349 tio
237 2308 278 2348 δε
314 2307 538 2349 scintillatio
573 2307 624 2348 ad
661 2307 919 2348 resi-afflones
957 2316 1043 2349 tum
1072 2309 1295 2353 Oculorum
1332 2320 1419 2352 tum
1447 2311 1565 2352 Aeris
1594 2320 1673 2350 tre-

140 2362 237 2405 muli
281 2362 504 2406 referendae
549 2361 665 2406 sunt:
723 2361 1006 2458 quippeNquae
1051 2363 1222 2406 admotis
1265 2367 1386 2408 oculo
1428 2363 1677 2416 Telescopiis

930 2428 993 2458 nn
1019 2430 1042 2455 2
1538 2430 1685 2470 evane3
