2079 3033
434 158 781 202 PRINCIPIA
810 157 1366 200 MATHEMATICA.
1588 175 1664 214 429

183 241 304 284 Corol.
337 256 369 282 1.
418 241 525 282 Cum
556 242 676 293 Aqua
713 241 753 281 vi
790 240 892 281 Solis
930 241 1073 293 agitata
1109 240 1292 280 ascendat
1330 240 1378 280 ad
1411 239 1663 282 altitudinem

124 297 238 349 pedis
266 296 379 338 unius
411 295 450 335 ἃ
477 295 667 336 undecim
696 294 918 347 digitorum
947 308 1041 334 cum
1064 294 1199 334 ottava
1219 305 1329 347 parte
1352 294 1490 347 digiti,
1519 295 1662 339 eadem

124 351 163 391 vi
194 352 322 391 Lunae
357 349 541 391 ascendet
569 349 617 389 ad
646 349 897 389 altitudinem
924 348 1017 388 0610
1046 349 1195 400 pedum
1226 349 1266 389 δε
1295 348 1516 401 digitorum
1545 349 1662 398 offilo,

122 405 165 444 &
193 405 231 445 vi
259 415 428 459 utraque
465 404 514 443 ad
552 403 804 443 altitudinem
834 402 983 455 pedum
1012 402 1155 443 decem
1181 416 1274 443 cum
1301 402 1452 443 semiffe
1471 432 1482 450 ,
1521 403 1560 444 ἃ
1595 404 1664 447 ubi

121 458 240 500 Luna
267 459 323 499 est
350 460 391 499 in
422 457 603 510 Perigaeo
633 457 681 497 ad
713 457 964 497 altitudinem
982 456 1131 510 pedum
1149 457 1368 497 duodecim
1387 471 1480 498 cum
1509 458 1662 501 semisse

122 512 163 552 &
192 514 311 557 ultra.
341 512 558 565 praesertim
584 510 653 552 ubi
680 510 814 551 AEstus
841 512 969 559 ventis
988 511 1220 564 spirantibus
1250 512 1469 558 adiuvatur.
1525 512 1664 556 Tanta·

122 576 256 608 autem
292 567 348 606 vis
383 566 431 605 ad
462 578 601 605 omnes
631 565 757 604 Maris
787 576 919 606 motus
949 565 1183 606 excitandos
1211 565 1369 606 abunde
1399 564 1576 616 sufficit,
1618 569 1662 610 δε

119 620 329 672 quantitati
373 627 558 658 motuum
596 617 722 669 probe
759 619 986 669 respondet.
1049 621 1152 660 Nam
1190 621 1231 661 in
1267 620 1437 661 maribus
1476 634 1566 675 quae
1608 623 1668 663 ab·

120 674 289 716 Oriente
313 673 354 712 in
382 671 652 712 Occidentem
678 671 755 710 late
780 681 937 723 patent,
965 676 1023 711 uti
1042 673 1083 712 in
1102 673 1210 714 Mari
1232 675 1429 727 Pacifico,
1462 675 1501 715 δε
1531 676 1666 718 Maris-

119 727 323 769 Atlantici
352 726 393 766 &
420 724 674 778 QAEthiopici
699 725 874 778 partibus
901 735 1014 765 extra
1039 725 1244 779 Tropicos
1262 757 1274 776 ‚
1317 742 1417 782 aqua
1446 730 1573 770 attolli
1597 732 1660 772 so-

118 783 174 823 let
198 781 248 821 ad
274 779 529 821 altitudinem
558 779 709 832 pedum
737 778 833 827 sex,
869 791 1042 822 novem,
1070 779 1290 821 duodecim
1322 783 1384 821 vel
1411 783 1666 836 quindecim.-

118 835 165 879 ln
182 835 290 875 Mari
318 844 451 875 autem
471 833 670 886 Pacifico,
696 834 812 887 quod*
832 832 1069 886 profundius
1089 832 1145 873 est
1167 834 1206 874 δε
1230 834 1342 874 latius
1361 845 1493 886 patet,
1522 837 1657 880 AEstus

119 889 310 930 dicuntur
337 888 414 930 effe
443 888 611 941 majores
640 900 761 941 quam
788 887 830 927 in
857 887 1065 927 Atlantico
1093 887 1133 928 r&
1161 887 1428 943 QAEthiopico.
1495 889 1660 934 Etenim

120 953 166 984 ut
186 944 325 997 plenus
352 943 396 984 sit
419 942 583 988 AEssus.
607 941 778 982 latitudo
808 940 934 982 Maris
955 941 1002 982 ab
1023 941 1195 982 Oriente
1218 943 1260 983 in
1279 942 1553 985 Occidentem
1580 959 1664 988 non

124 997 258 1039 minor
287 997 364 1039 esse
396 997 516 1038 debet
546 997 667 1051 quam
685 995 881 1049 graduum
900 996 1128 1049 nonaginta.
1185 996 1232 1037 In
1258 996 1365 1037 Mari
1386 997 1671 1054 cAEthiopicos

124 1052 300 1093 ascensus
334 1064 448 1104 aquae
483 1053 586 1091 intra
612 1049 817 1102 Tropicos
852 1050 983 1090 minor
1011 1050 1072 1090 est
1097 1063 1217 1104 quam
1243 1049 1284 1091 in
1313 1050 1440 1092 Zonis
1467 1063 1665 1107 tempera„

123 1106 200 1153 tis,
236 1115 404 1159 propter
433 1104 650 1158 angustiam
679 1103 807 1145 Maris
840 1104 944 1145 inter
975 1105 1159 1156 Africam
1185 1106 1481 1160 &VAustralem
1510 1118 1666 1160 partem

121 1160 329 1205 Americae.
384 1159 427 1200 In
462 1159 600 1199 medio
638 1157 745 1198 Mari
784 1171 884 1211 aqua
919 1158 1062 1213 nequit
1096 1159 1310 1201 ascendere
1330 1191 1351 1208 ‚..
1383 1160 1453 1202 nifi
1477 1162 1527 1202 ad
1555 1162 1667 1205 littus

120 1224 339 1267 utrumque
370 1213 411 1253 ἅτ
439 1213 633 1254 orientale
661 1212 701 1253 δὲ
723 1213 974 1254 occidentale
995 1212 1105 1254 simul
1125 1214 1368 1255 descendat:
1406 1228 1498 1256 cum
1530 1226 1668 1260 tamen

121 1267 273 1309 vicibus
309 1268 466 1318 alternis
507 1267 560 1308 ad.
585 1267 720 1307 littora
752 1268 815 1319 illa
850 1268 892 1308 in
922 1266 1273 1309 Maribusnostris
1304 1270 1474 1323 angustis
1501 1271 1666 1313 descen-

119 1323 216 1363 dere
250 1321 405 1362 debeat.
473 1320 531 1361 Ea
565 1321 618 1363 de
656 1321 769 1361 causa
799 1321 930 1362 fluxus
959 1321 999 1361 &
1031 1321 1208 1364 refluxus
1234 1323 1275 1364 in
1303 1324 1439 1365 Infulis
1460 1353 1471 1372 ,
1520 1338 1610 1380 quae
1641 1329 1664 1368 a

69 1387 77 1389 *
118 1375 320 1417 littoribus
349 1374 574 1428 longiffime
601 1374 739 1415 absunt
761 1408 771 1422 ,
818 1375 1061 1429 perexiguus
1098 1376 1174 1417 effe
1203 1378 1313 1419 solet.
1377 1378 1421 1418 In
1458 1378 1660 1421 Portubus

115 1429 350 1484 quibusdam
368 1459 386 1476 ‚.
434 1429 501 1470 ubi
535 1442 644 1482 aqua.
673 1442 767 1470 cum
796 1429 951 1483 impetu
980 1442 1126 1483 magno
1157 1443 1228 1485 per
1258 1432 1346 1472 loca
1375 1431 1517 1472 vadosa
1537 1462 1549 1479 ,
1606 1435 1659 1476 ad

118 1485 234 1525 Sinus
264 1483 422 1524 alternis
451 1483 603 1523 vicibus
630 1483 856 1535 implendos
879 1483 919 1522 δε
938 1484 1210 1532 evacuandoS,
1235 1485 1405 1526 influere
1425 1487 1464 1526 &
1490 1486 1660 1529 effluere.

119 1540 279 1592 cogitur
301 1566 312 1584 ,
371 1537 502 1578 fluxus
541 1537 582 1577 δε
621 1537 797 1578 refluxus
824 1537 980 1578 debent.
1002 1537 1079 1578 effe
1111 1539 1226 1581 solito
1260 1540 1428 1594 majores
1450 1569 1473 1588 ,,
1518 1542 1575 1581 uti
1607 1539 1662 1582 ad

118 1592 373 1644 Plymuthnm
402 1593 443 1631 δε
473 1593 640 1645 pontem
672 1591 899 1645 Chepstowae
928 1593 970 1632 in
1000 1594 1179 1647 Anglia;
1236 1594 1293 1634 ad'
1315 1605 1475 1636 montes
1502 1594 1659 1636 &Mi-

117 1647 264 1687 chaelis
293 1646 335 1686 &
361 1645 500 1686 urbem
529 1644 863 1685 Abrincatuorum
894 1647 1033 1698 (vulgo
1060 1646 1316 1699 Avranches)
1343 1650 1384 1689 in
1412 1648 1659 1699 Normaniag

115 1700 165 1741 ad
204 1700 425 1742 Cambaiam
463 1699 505 1738 δε
545 1699 658 1752 Pegu
695 1699 736 1739 in
775 1698 894 1738 India
929 1701 1122 1754 orientali.
1192 1702 1270 1742 His
1309 1703 1349 1742 in
1385 1703 1483 1743 locis
1525 1717 1669 1752 mares·

113 1767 255 1808 magna
283 1767 378 1795 cum
405 1752 618 1794 velocitate
647 1753 884 1794 accedendo
915 1753 956 1793 δε
983 1753 1216 1794 recedendo
1236 1785 1247 1804 ‚
1292 1756 1426 1796 littora
1462 1771 1569 1799 nunc
1599 1760 1660 1800 in-

115 1810 241 1848 undat
275 1821 382 1848 nunc
421 1808 532 1847 arida
575 1806 762 1860 relinquit
800 1806 849 1846 ad
887 1808 1009 1848 multa
1046 1807 1236 1850 millia-ria.
1302 1811 1446 1865 Neque
1485 1812 1659 1866 impetus

115 1861 314 1902 influendi
347 1862 388 1900 &
427 1859 631 1900 remeandi
665 1861 773 1912 prius
808 1860 943 1914 frangi
973 1862 1131 1913 potest,
1178 1876 1297 1918 quam
1335 1878 1435 1919 aqua
1465 1867 1659 1908 attollitur

116 1916 180 1956 vel
209 1915 447 1968 deprimitur
474 1914 524 1953 ad
554 1912 679 1965 pedes
712 1928 785 1961 30,
822 1928 894 1965 40,
933 1916 996 1955 vel
1025 1930 1074 1965 50
1108 1916 1149 1957 &
1179 1918 1356 1971 amplius.
1427 1919 1482 1960 Et
1508 1933 1577 1974 par
1603 1920 1661 1962 est

117 1970 228 2010 ratio
247 1970 445 2009 fretorum
476 1967 745 2019 oblongorum
772 1968 812 2007 &
845 1967 1083 2010 vadosorum
1105 2000 1116 2018 ‚
1152 1973 1210 2012 uti
1233 1974 1495 2027 Magellanici
1513 1974 1553 2014 δε
1573 1975 1659 2026 ejus

116 2036 201 2077 quo
229 2023 376 2076 Anglia
413 2022 681 2063 circundatur..
738 2020 873 2062 AEstus
900 2022 940 2062 in
968 2023 1201 2077 hujusmodi
1222 2028 1417 2080 portubus
1447 2027 1489 2067 &
1518 2028 1671 2077 fretis,v

117 2089 191 2131 per
219 2077 415 2129 impetum
447 2075 579 2116 cursus
603 2076 643 2115 &
672 2075 850 2116 recursus
879 2076 991 2130 supra
1009 2079 1176 2120 modum
1194 2091 1374 2134 augetur.
1431 2081 1657 2124 Ad'littora

118 2144 217 2172 vero
265 2143 355 2184 quae
401 2130 587 2171 descensu
631 2130 825 2184 praecipiti
869 2130 919 2171 ad
958 2144 1065 2173 mare
1099 2133 1346 2187 profundum
1385 2135 1426 2176 δέ
1474 2147 1657 2187 apertum

117 2185 320 2237 spefiant‚
366 2184 433 2225 ubi
471 2198 571 2238 aqua
609 2183 687 2224 sine
724 2185 878 2237 impetu
914 2184 1104 2228 effluendi
1138 2189 1179 2229 δε
1217 2190 1431 2231 remeandi
1458 2191 1585 2231 attolli
1613 2191 1657 2231 ἅτ

116 2239 315 2335 ἓὼίῖἀειε
359 2239 516 2294 potest,
574 2238 821 2293 magnitudo*
848 2235 995 2281 AEstus
1025 2242 1240 2297 respondet
1289 2244 1436 2287 viribus
1475 2244 1577 2286 Solis
1613 2245 1662 2285 δὲ..

137 2306 262 2336 -unae.

845 2400 967 2454 thr
991 2416 1015 2457 Ξ
1538 2405 1667 2461 ξονοίζ

1684 239 1727 268 Li
1748 248 1763 267 n
1783 241 1835 268 ειί

1684 278 1872 312 Τειιτιυςζ-
