2079 3033
440 147 811 198 'PRINCIPIA
847 148 1402 198 MATHEMATICA.
1667 160 1707 209 ᾖ(

148 253 311 289 mantur
338 250 382 284 ut
413 241 504 284 fitus
531 238 718 298 relativus
749 235 1030 286 conservetur,
1061 239 1359 281 conservabitur
1388 241 1529 282 relatio
1556 242 1597 283 in
1616 255 1896 297 quaDEFnu„

149 311 285 342 motus
303 297 487 340 relativus
515 291 700 334 consistit.
757 290 911 333 Mutari
939 292 1060 344 igitur
1085 295 1214 346 potest
1244 305 1375 336 motus
1405 297 1534 337 omnis
1565 299 1875 338 relati-noma

151 370 223 398 vus
242 355 308 395 ubi
326 363 440 394 verus
463 347 745 394 conservatur,
775 345 814 386 &
835 346 1058 387 conservari
1076 349 1143 389 ubi
1172 362 1287 390 verus
1307 360 1507 397 mutatui-3
1538 352 1578 392 &
1602 365 1694 395 pro-

149 422 287 466 pterea
307 415 436 448 motus
457 414 572 443 verus
591 401 631 441 in
650 400 843 453 ejusmodi
863 401 1122 442 relationibus
1141 403 1304 444 minime
1326 404 1510 445 consistit.
1601 396 1613 405 ⁴

203 460 378 506 Effectus
408 456 550 512 quibus
579 465 712 495 motus
736 455 908 496 absoluti
939 456 978 495 ἂ
1009 456 1162 497 relativi
1192 458 1486 511 distinguuntur
1516 461 1563 501 ab
1591 460 1693 501 invi-2

148 532 258 564 cern,
285 514 372 554 sunt
402 513 504 552 vires
533 509 753 551 recedendi
782 509 829 549 ab
858 522 932 550 axe
964 520 1096 550 motus
1124 512 1334 552 circularis.
1394 515 1494 555 Nam
1516 516 1554 555 in
1575 527 1691 556 motu

148 568 330 616 circulari
358 566 467 608 nude
494 565 659 605 relativo
688 563 749 604 hae
780 564 880 604 vires
910 564 1026 605 nullae
1048 565 1155 612 sunt,
1185 566 1225 606 in
1249 579 1344 606 vero
1365 581 1500 609 autem
1522 570 1559 609 K
1581 569 1691 610 abso-

147 629 232 669 luto
263 622 429 676 majores
458 622 519 660 vel
551 618 727 659 minores
756 631 829 671 pro
858 619 1078 671 quantitate
1105 630 1250 660 motus„
1308 621 1347 661 Si
1376 623 1551 676 pendeat
1579 624 1690 665 situla

146 695 168 722 a
185 680 252 721 filo
270 677 499 732 praelongo„
529 683 747 727 agaturquss
776 683 972 726 perpetuo
996 673 1036 713 in
1058 673 1220 720 orbem,
1249 672 1380 715 donec
1400 677 1512 718 filum
1541 692 1562 718 a
1591 692 1690 719 con-

146 734 321 777 torsione
339 729 561 772 admodum
581 727 768 779 rigescat,
797 726 890 766 dein
918 728 1130 780 impleatur
1158 741 1278 782 aqua,
1309 729 1349 768 ἅτ
1378 743 1454 770 una
1476 746 1567 772 cum
1588 747 1690 787 aqua

144 789 345 845 quiescat3
376 796 462 825 tum
484 785 521 823 vi
544 783 671 836 aliqua
690 781 886 821 subitanea
907 791 1044 834 agatur
1074 792 1189 823 motu
1219 784 1424 823 contrario
1454 786 1494 825 in
1525 787 1689 835 orbern,

145 846 188 886 &
207 844 274 885 filo
301 842 338 881 se
364 840 586 889 relaxante,
618 836 767 877 diutius
793 834 1020 889 perseveret
1047 836 1088 876 in
1116 836 1194 877 hoc
1226 847 1363 884 motu3
1396 838 1621 893 superficies
1651 856 1690 881 a·-

144 911 237 954 quae
265 896 334 937 sub
361 894 477 935 initio
505 893 617 946 plana
647 891 722 930 erit
741 920 751 938 ³
790 890 1139 943 quemadmodum
1177 903 1268 932 ante
1298 905 1455 934 motum
1485 894 1610 935 VafiS:
1651 906 1690 936 at

142 953 373 1008 postquam,
402 949 440 988 vi
466 948 506 988 in
536 958 679 1000 aquam
698 944 883 997 paulatim
910 945 1113 998 impressa,
1143 945 1276 987 effecit
1304 960 1391 995 vas,
1421 959 1464 989 ut
1483 948 1569 989 haec
1587 962 1690 1003 quo„

144 1021 225 1062 que
255 1003 482 1046 sensibiliter
512 999 663 1041 revolvi
692 999 883 1053 incipiat3
925 1000 1091 1041 recedet
1128 1000 1207 1054 ipsa
1244 1002 1433 1054 paulatim
1471 1017 1492 1042 a
1529 1004 1689 1052 medio,

144 1060 412 1113 ascendetque
431 1056 481 1097 ad
501 1056 622 1096 latera
640 1053 756 1101 vatis,
784 1053 951 1107 figuram
972 1067 1189 1095 concavam
1217 1055 1413 1104 induens,
1443 1058 1504 1108 (ut
1521 1058 1603 1111 ipse
1618 1073 1689 1101 ex-

143 1127 282 1172 pertus
295 1114 398 1163 sum)
419 1112 459 1152 ἅ*
481 1108 707 1151 incitatiore
727 1108 881 1161 semper
902 1116 1016 1149 motu
1035 1108 1220 1150 ascendet
1238 1111 1361 1164 magis
1389 1112 1431 1152 δε
1451 1113 1596 1167 magis,
1614 1113 1691 1154 do-

140 1185 219 1214 nec
257 1167 528 1212 revolutiones
565 1165 607 1204 in
644 1162 858 1224 aequalibus
897 1176 990 1204 cum
1031 1163 1117 1204 vase
1157 1165 1404 1218 temporibus
1431 1167 1686 1221 peragendo,

140 1225 317 1281 quiescat
354 1224 395 1264 in
430 1220 577 1261 eodem
615 1219 790 1259 relative.
847 1217 1000 1259 Indicat
1038 1217 1104 1259 hic
1140 1219 1316 1260 ascensus
1355 1232 1546 1262 conatum
1575 1235 1688 1263 rece-

141 1280 266 1323 dendi
295 1278 342 1318 ab
371 1289 444 1317 axe
472 1284 606 1315 motus
626 1303 638 1321 ‚
666 1273 709 1313 ἅτ
738 1286 809 1326 per
836 1273 957 1314 talem
984 1284 1175 1315 conatum
1193 1274 1405 1315 innotescit
1427 1276 1467 1316 δε
1488 1276 1687 1317 mensura-

139 1346 207 1377 tur
237 1344 369 1375 motus
406 1342 519 1384 aquae
557 1328 757 1369 circularis
791 1341 909 1369 verus
949 1328 990 1369 &
1020 1328 1243 1376 absolutus,
1271 1330 1484 1384 motuique
1504 1331 1683 1378 ,relativo

134 1390 206 1432 hic
237 1388 402 1429 omnino
430 1383 665 1426 contrarius.
721 1382 861 1430 initio,
888 1382 956 1423 u'bi
976 1383 1173 1424 maximus
1194 1393 1277 1424 erat
1297 1396 1411 1438 aquae
1430 1395 1565 1426 motus
1584 1386 1683 1426 rela-

139 1444 318 1486 tivustin
345 1441 456 1487 vase,
493 1448 627 1480 motus
655 1437 721 1478 ille
747 1437 900 1478 nullum
930 1438 1130 1478 excitabat
1159 1448 1350 1478 conatu-m
1380 1439 1602 1481 recedendi
1631 1439 1680 1480 ab

137 1511 241 1540 axe:
279 1509 379 1549 aqua
407 1507 488 1534 non
515 1492 678 1544 petebat
707 1491 1074 1530 circumferentiam
1103 1491 1358 1530 ascendendo
1386 1492 1436 1531 ad
1465 1494 1587 1533 latera
1614 1507 1683 1533 va-

139 1553 211 1600 fis,
238 1550 304 1591 sed
333 1549 447 1601 plana
476 1544 692 1590 manebat,
722 1543 762 1583 &
793 1553 1005 1595 propterea
1035 1553 1168 1583 motus
1203 1543 1304 1584 illius
1331 1545 1533 1587 circularis
1562 1559 1680 1589 verus

135 1605 322 1649 nondum
350 1603 565 1651 inceperat.
624 1596 764 1635 Postea
791 1608 920 1642 vero,
948 1596 1014 1635 ubi
1034 1609 1148 1648 aquae
1177 1606 1313 1637 motus
1334 1599 1520 1639 relativus
1539 1599 1682 1641 decre-

137 1660 196 1702 vit
217 1686 229 1705 ,
258 1654 436 1697 ascensus
466 1651 548 1704 ejus
576 1647 626 1689 ad
654 1649 775 1690 latera
803 1648 901 1689 vasis
931 1648 1132 1690 indicabat
1160 1660 1353 1691 conatum
1383 1652 1602 1694 recedendi
1631 1655 1680 1697 ab
1717 1699 1725 1701 i

101 1738 104 1740 v
131 1724 234 1759 axe3
265 1720 385 1763 atque
405 1707 470 1748 hic
489 1714 659 1746 conatus
689 1703 929 1744 monstrabat
957 1714 1117 1745 motum
1144 1704 1509 1748 illiusrcircularem
1537 1721 1681 1752 verum

133 1776 334 1825 perpetuo
352 1762 623 1806 crescentem,
653 1772 699 1799 ac
727 1758 892 1799 tandem
920 1759 1139 1800 maximum
1167 1757 1316 1801 fat‘ium
1346 1761 1412 1801 ubi
1440 1774 1541 1816 aqua
1568 1764 1683 1817 quie-

135 1823 268 1866 scebat
296 1820 337 1860 in
368 1817 455 1857 vase
485 1814 660 1856 relative.
718 1812 842 1867 Igitur
879 1823 1045 1854 conatus
1081 1813 1150 1854 iste
1180 1826 1262 1854 non
1291 1815 1441 1868 pendet
1469 1829 1491 1856 a
1520 1817 1682 1860 transsa-

136 1879 249 1920 tione
269 1885 381 1927 aquae
400 1869 579 1924 respefiu
597 1880 817 1921 corporum
836 1867 1120 1914 ambientium,
1150 1868 1191 1908 δε
1212 1881 1425 1923 propterea
1444 1880 1582 1913 motus
1603 1873 1680 1914 cir-

139 1930 281 1974 cularis
302 1939 417 1968 verus
437 1938 511 1979 per
530 1924 625 1964 tales
644 1921 918 1963 transsationes
936 1922 1094 1963 defini-ri
1113 1923 1267 1977 nequit.
1322 1923 1475 1966 Unicus
1504 1926 1560 1966 est
1588 1940 1680 1968 cor-

137 1985 247 2042 poris
272 1981 459 2035 cuiusque
479 1978 720 2020 revolventis
742 1987 875 2017 motus
894 1989 988 2017 vere
1015 1977 1239 2025 circularis,
1267 1978 1429 2019 conatui
1451 1980 1572 2021 unico
1593 1990 1679 2023 tan-

138 2052 260 2096 quam
286 2034 450 2091 proprio
471 2034 511 2074 δε
531 2032 744 2085 adaequato
768 2029 931 2082 effeciui
949 2031 1220 2084 respondens:
1249 2043 1388 2074 motus
1417 2044 1551 2075 autem
1580 2036 1681 2077 rela-

135 2096 210 2138 tivi
229 2104 304 2147 pro
326 2089 441 2131 variis
462 2086 719 2129 relationibus
748 2085 798 2126 ad
830 2094 995 2126 externa
1015 2086 1216 2127 innumeri
1234 2087 1347 2135 sunt;
1379 2086 1419 2127 δε
1440 2089 1679 2131 relationum

135 2149 253 2192 instar
274 2175 287 2193 ,
315 2142 519 2185 efiefflbus
544 2141 647 2182 veris
675 2140 843 2181 omnino
872 2139 1140 2182 destituuntur
1161 2175 1170 2187 ‚
1210 2141 1279 2181 nisi
1309 2151 1503 2196 quatenus
1536 2157 1678 2186 verum

137 2205 248 2245 illum
270 2201 309 2241 δι
330 2199 493 2239 unicum
510 2206 668 2236 motum
686 2194 934 2248 pa1·ticipant‚
992 2194 1113 2236 Unde
1142 2195 1183 2235 &
1214 2195 1256 2235 in
1283 2195 1503 2249 Systemate
1532 2211 1675 2240 eorum

136 2258 208 2308 qui
224 2255 366 2296 Coelos
393 2251 545 2292 nostros
577 2249 678 2290 infra
706 2249 847 2289 Coelos
873 2248 1059 2290 Fixarum
1088 2254 1127 2290 in
1157 2249 1299 2290 orbem
1329 2251 1480 2292 revolvi
1511 2253 1674 2301 volunt,
1714 2253 1717 2256 ’

138 2309 389 2356 &Planet‘as
426 2306 559 2347 secum
594 2304 778 2350 deferre3
810 2304 969 2357 fingulae
998 2303 1214 2345 Coelorum
1244 2314 1395 2358 partes,
1425 2306 1463 2345 &
1497 2306 1672 2347 Planetae

136 2367 205 2422 qui
233 2362 397 2405 relative
435 2360 601 2414 quidem
641 2358 682 2399 in
719 2357 849 2400 Coelis
882 2358 968 2453 mig}
995 2359 1187 2412 proximis
1224 2360 1465 2414 quiescunt,
1503 2373 1670 2401 moven-

1607 2425 1671 2458 tul*
