2079 3033
477 157 841 201 2rR-1N01121A
870 133 1420 202 MA‘THEM'ATICA.
1630 167 1707 207 „323
1758 213 1759 216 ,

148 232 149 235 ’
212 235 370 290 OExper.
393 237 428 278 6.
458 236 582 281 Globi
600 236 984 291 quinquepondere
1010 251 1104 290 212}
1123 253 1237 294 gran.
1264 238 1306 278 in
1331 250 1421 278 aere
1442 235 1483 278 &
1503 248 1570 290 79}
1589 237 1629 281 in
1650 254 1691 280 a-
1713 248 1852 280 [anm

141 301 240 344 ·--qua
258 320 269 338 ‚
307 291 408 345 saepe
428 291 580 332 demiffi
601 320 613 338 2
652 291 848 331 cadebant
875 301 1058 345 tempore
1085 293 1375 333 oscillationum
1407 305 1472 341 15,
1504 298 1592 342 153¹,
1623 291 1874 341 16,S²÷C0¹³³”⁰'⁶·-

156 358 212 393 *17
233 345 273 384 δε
296 348 342 385 18
362 376 373 394 ,
400 346 666 387 describentes
691 344 942 386 altitudinem
967 346 1117 399 pedum
1145 347 1377 401 quindecim
1401 347 1442 387 &
1469 346 1691 401 digitorum

140 428 142 431 -
160 398 349 440 duorum.
1666 443 1668 446 .

212 453 290 494 Per
308 454 529 495 Theoriam
546 452 690 494 cadere
708 453 935 496 debuerunt
952 463 1139 509 tempore
1170 455 1457 496 oscillationum
1483 467 1530 505 15
1551 469 1688 511 quam-

138 521 149 525 ·“
187 520 353 548 roxime.

156 519 183 560 p
207 562 361 615 Exper.
378 575 412 611 7.
441 561 567 602 Globi
587 570 758 614 quatuor
779 562 961 614 pondere
989 567 1084 615 293-31
1094 577 1209 617 gran.
1235 564 1276 604 in
1305 577 1396 604 aere
1426 562 1468 602 δε
1489 577 1559 614 35}
1572 578 1687 619 gran.

135 615 193 655 >in
209 628 308 669 aqua
324 615 426 668 saepe
446 613 621 661 demiffi,
649 615 842 655 cadebant
864 628 1048 668 ternpore
1066 618 1354 658 oscillationum
1381 624 1468 669 293,
1499 632 1566 666 30,
1600 633 1687 671 303⁴,

137 682 226 715 ,31‚
257 682 305 715 32
328 670 368 708 ἃ
390 684 435 717 33
459 697 471 716 ‚
499 667 767 709 describentes
792 669 1043 709 altitudinem
1071 671 1222 722 pedum
1250 672 1482 725 quindecim
1511 672 1551 713 δε
1570 672 1686 729 digiti

133 722 262 762 „unius
282 735 375 763 cum
392 722 555 763 semiffe.

198 775 276 817 Per
294 776 517 818 Theoriam
537 776 682 817 cadere
702 776 926 817 debuerunt
947 787 1132 830 ternpore
1161 776 1453 818 oscillationum
1473 780 1521 819 28
1541 794 1681 834 quam-

134 853 138 856 ·
172 843 338 872 roxime.

141 842 169 884 p
197 885 365 926 Causam
383 885 658 938 investigando
681 899 752 926 cur
778 885 989 938 globorum
1007 914 1018 932 ,
1055 884 1230 937 ejusdem
1257 885 1445 938 ponderis
1466 886 1679 941 &magni-

130 938 292 980 .-tudinis
309 969 321 988 ‚
360 939 479 993 aliqui
506 941 622 980 citius
647 941 710 980 alii
737 940 884 980 tardius
910 940 1103 979 caderent
1124 970 1133 983 ‚
1171 940 1212 978 in
1239 939 1340 979 hanc
1365 940 1489 980 incidi
1516 958 1526 986 ;
1566 944 1678 996 quod

138 993 249 1047 globi
268 1023 279 1041 ‚
305 993 373 1034 ubi
393 994 564 1047 primum
583 994 896 1035 demittebantur
919 993 960 1033 ἃ
980 993 1125 1034 cadere
1145 993 1387 1046 incipiebant
1405 1023 1416 1041 ‚
1453 995 1677 1039 oscillarent

139 1048 292 1088 circum
311 1057 469 1095 centra,
496 1048 617 1089 latere
635 1049 704 1089 illo
723 1048 834 1102 quod
853 1047 958 1088 forte
979 1048 1135 1101 gravius
1161 1046 1256 1087 esset
1275 1076 1288 1094 ‚
1316 1048 1490 1100 primum
1510 1049 1676 1093 descen-

136 1101 287 1148 dente,
325 1102 367 1141 &
394 1112 552 1142 motum
580 1103 860 1146 oscillatorium
896 1111 1125 1156 generante.¹
1182 1101 1285 1141 Nam
1314 1115 1383 1155 per
1413 1103 1674 1147 oscillationes
1741 1137 1745 1140 ψ

120 1154 241 1202 suas,
271 1155 411 1208 globus
431 1156 623 1208 majorem
643 1166 799 1198 motum
818 1157 1089 1196 communicat
1118 1168 1232 1210 aquae
1250 1185 1262 1203 ‚
1300 1168 1420 1210 quam
1450 1157 1477 1198 s1
1505 1157 1585 1199 fine
1612 1160 1672 1210 os-

118 1209 397 1250 -cillationibus
418 1210 678 1251 descenderet
701 1231 712 1259 ;
756 1212 798 1251 &
825 1210 1164 1251 communicando
1182 1240 1194 1258 ‚
1232 1211 1378 1251 amittit
1404 1221 1558 1264 partem
1585 1212 1673 1254 mo-=

135 1271 198 1302 tus
217 1264 367 1316 proprii
386 1277 468 1317 quo
490 1265 739 1306 ,descendere
755 1265 924 1306 deberet
942 1295 954 1312 ,
992 1266 1033 1305 ὅτ
1057 1278 1133 1318 pro
1162 1264 1309 1317 majore
1335 1266 1397 1305 vel
1423 1267 1581 1306 minore
1609 1269 1670 1308 os-

134 1317 338 1357 cillatione
359 1346 371 1364 ,
398 1319 521 1371 magis
548 1319 613 1358 vel
633 1319 762 1360 minus
792 1320 1026 1359 retardatur.
1084 1319 1319 1372 Quinetiam
1347 1320 1487 1372 globus
1514 1322 1670 1363 recedit

121 1371 289 1425 'semper
309 1385 330 1411 a
347 1371 470 1411 latere
488 1373 557 1411 suo
586 1373 697 1425 quod
725 1386 796 1425 per
823 1373 1109 1412 oscillationem
1139 1372 1346 1412 descendit
1367 1401 1378 1418 ‚
1408 1374 1449 1413 δε
1476 1375 1673 1417 receden-

133 1424 189 1464 do
206 1425 497 1479 appropinquat
515 1426 701 1466 lateribus
716 1426 812 1465 ¹vasis
833 1426 874 1466 δε
900 1426 941 1466 in
968 1426 1088 1465 latera
1115 1439 1401 1479 nonnunquam
1422 1428 1669 1481 impingitur.

132 1477 187 1518 Et
205 1480 291 1519 haec
313 1480 504 1520 oscillatio
523 1480 563 1520 in
592 1480 717 1533 globis
748 1479 992 1533 gravioribus
1022 1479 1165 1520 fortior
1195 1479 1277 1526 est,
1316 1480 1356 1519 δε
1385 1481 1425 1520 in
1455 1481 1668 1533 majoribus

124 1545 273 1585 aquam
291 1534 416 1587 magis
434 1535 565 1587 agitat.
621 1535 899 1587 Quapropter,
927 1544 971 1573 ut
989 1534 1177 1573 oscillatio
1197 1534 1409 1585 globorum
1427 1535 1559 1575 minor
1577 1537 1668 1577 red-

130 1586 317 1634 deretur,
346 1588 488 1641 globos
509 1599 635 1626 novos
653 1600 703 1626 ex
720 1601 811 1627 cera
831 1589 871 1627 &
891 1587 1056 1638 plumbo
1077 1587 1299 1634 construxi,
1319 1588 1525 1640 infigendo
1539 1591 1669 1642 plum-

121 1639 224 1682 bum
242 1642 284 1681 in
303 1642 400 1681 latus
421 1641 582 1694 aliquod
603 1641 711 1691 globi
731 1653 857 1693 prope
878 1640 1127 1692 superficiem
1146 1641 1250 1692 ejus3
1283 1642 1322 1680 δε
1343 1642 1504 1693 globum
1525 1644 1578 1684 ita
1598 1645 1668 1685 de-

122 1694 211 1735 :rnifi
228 1724 240 1742 ,
280 1704 323 1735 ut
346 1695 444 1735 latus
465 1695 620 1748 gravius
639 1724 650 1741 ‚
687 1695 822 1747 quoad
843 1694 927 1734 fieri
945 1694 1077 1746 potuit
1100 1722 1111 1739 ‚
1153 1692 1246 1733 effet
1265 1694 1447 1736 infimum
1474 1696 1521 1736 ab
1549 1698 1666 1739 initio

126 1747 345 1790 descensus.
402 1749 466 1789 Sic
494 1748 755 1789 oscillationes
782 1747 894 1788 faecae
921 1748 1010 1788 sunt
1039 1749 1167 1788 multo
1199 1748 1372 1789 minores
1391 1763 1509 1804 quam
1527 1753 1633 1804 prius
1653 1783 1665 1801 „

120 1802 167 1895 ξε
186 1803 296 1856 globi
307 1804 561 1858 temporibus
578 1803 706 1843 minus
726 1801 985 1857 inaequalibus
1002 1803 1260 1851 ceciderunt,
1277 1803 1371 1844 utin
1382 1806 1665 1859 experimentis

142 1869 164 1895 e
196 1856 392 1897 uentibus.

66 1945 73 1946 c
167 1869 331 1964 quper.
355 1911 388 1951 8.
419 1910 544 1951 Globi
572 1921 742 1966 quatuor
768 1913 950 1965 pondere
982 1924 1196 1964 granorum
1225 1928 1299 1966 139
1329 1915 1371 1955 in
1393 1927 1483 1955 aere
1503 1915 1544 1956 ὃς
1563 1920 1606 1961 6³¹
1622 1917 1664 1957 in

118 1975 245 2016 vaqua,
273 1964 374 2017 saepe
394 1963 548 2004 demiffi
574 1994 585 2012 ,
620 1966 855 2009 ceciderunt
881 1967 1127 2020 temporibus
1160 1967 1449 2010 oscillationum
1465 1982 1548 2009 non
1576 1971 1661 2022 plu-

122 2017 228 2058 rium
248 2030 367 2071 quam
388 2033 457 2067 52,
485 2031 566 2059 non
585 2021 822 2072 pauciorum
842 2033 962 2075 quam
990 2034 1041 2070 50
1054 2051 1071 2068 .,
1108 2020 1149 2060 ὃζ
1170 2022 1340 2063 maxima
1359 2036 1409 2064 ex
1427 2033 1538 2076 parte
1558 2032 1662 2064 tem-

123 2083 224 2165 pgre
244 2071 532 2113 oscillationum
560 2088 606 2123 51
637 2075 796 2117 circiter
816 2106 828 2124 ‚
865 2074 1132 2117 describentes
1160 2076 1414 2118 altitudinem
1439 2077 1661 2131 digitorum.

125 2139 146 2165 ,Ι
182 2140 218 2166 2.

181 2182 257 2221 Per
276 2179 663 2223 Theoriamcadere
691 2183 918 2224 debuerunt
947 2192 1130 2238 tempore
1157 2185 1447 2228 oscillationum
1463 2199 1518 2237 52
1534 2187 1656 2228 circi-

125 2243 197 2276 ter.

177 2289 331 2342 Exper.
366 2304 404 2341 9.
453 2289 576 2330 Globi
615 2300 787 2344 quatuor
825 2291 1005 2343 pondere
1037 2305 1250 2345 granorum
1280 2310 1378 2350 273‡
1413 2295 1455 2336 in
1484 2308 1573 2336 aere
1613 2295 1655 2335 &⁴

126 2347 220 2396 140}
238 2344 279 2385 in
295 2357 396 2398 aqua
415 2373 427 2393 ,
463 2344 599 2398 saepius
618 2345 775 2388 demiffi
795 2375 806 2395 ,
838 2346 1072 2440 {fiderunt
1094 2351 1339 2406 temporibus
1366 2351 1653 2393 oscillationuna

933 2414 956 2439 2<
1570 2415 1656 2445 non
