2079 3033
573 146 848 183 I'NDEX

98 211 240 242 Velocitas
257 211 380 240 maxima
396 218 480 249 quam
502 210 626 243 Globus,
648 213 674 240 in
699 212 798 241 Medio
814 222 855 241 re-

135 250 242 279 sistente
270 250 395 279 cadendo
415 272 422 284 ‚
448 251 537 287 potest
565 251 705 288 acquirere
735 250 761 279 ll
772 271 780 284 ‚
803 251 853 288 38,

136 289 203 317 Cor.
217 298 233 317 2

98 327 272 357 velocitates
288 335 439 364 corporum
451 327 478 355 in
490 326 665 355 Seffonibus
675 327 779 356 conicis
790 336 854 355 mo-

135 371 231 394 torum
251 387 258 399 ‚
280 367 326 394 ubi
348 367 419 394 vires
442 367 606 402 centripetae
630 366 664 394 ad
687 366 851 394 umbilicum

138 404 258 439 tendunt
275 404 300 437 Ι,
319 404 352 433 16

97 442 217 471 Veneris

135 481 260 509 distantia
274 490 288 508 a
306 480 369 509 Sole
385 483 436 518 361
450 501 457 514 ‚
481 490 492 509 1

134 525 247 555 tempus
261 518 436 555 periodicurn
455 527 528 555 370,
549 527 585 556 23
758 532 763 548 s

136 557 250 594 Aphelii
265 563 359 584 motus
375 557 430 592 376
441 577 449 589 ‚
471 565 503 592 33

98 596 210 624 Vitium
228 593 398 630 compositio
413 594 441 620 δε
458 594 591 620 resolutio
606 601 633 628 p.
647 602 684 627 14

95 633 179 667 ⁴“Vites
191 633 344 661 attiadtivae
356 638 509 667 corporum

133 671 332 708 sphaericorum
367 678 401 697 ex
427 668 567 704 particulis
593 675 762 704 quacunque
787 667 850 703 lege

94 704 97 706 ’
170 708 341 737 trahentibus
375 706 597 744 compositorum
612 726 621 739 ‚
656 705 850 742 expenduntur

168 747 181 775 1
208 746 279 775 Sest.
294 755 325 774 12

78 790 83 796 ·
133 768 194 814 nori
220 785 418 821 sphaericorum
449 791 483 811 ex
513 781 651 819 particulis
678 790 848 819 quacunque

173 821 413 859 legetraheniibus
422 820 645 858 compositorum
655 841 663 854 ,
685 820 849 857 expendun-

173 867 218 890 tur
230 861 254 893 Ι,
272 860 343 889 ὃεέὶ.
361 869 391 897 13

94 900 146 930 Vis
168 900 322 936 centrifuga
342 904 494 935 corporum
515 897 545 926 in
567 896 726 934 AEquatore
746 897 845 927 Terrae

135 943 238 977 quanta
253 937 282 966 sit
300 946 367 974 379,
381 945 416 965 22

93 977 147 1012 fisis
162 976 315 1012 centripeta
329 975 458 1004 definitur
472 983 498 1011 p.
513 983 529 1002 2

134 1014 273 1052 quantitas
285 1014 343 1050 ejus
361 1013 482 1041 absoluta
498 1011 628 1040 definitur
640 1020 667 1047 p.
681 1019 700 1046 4

132 1052 271 1091 quantitas
287 1051 464 1080 acceleratrix
479 1049 608 1078 definitur
623 1059 649 1086 p.
663 1059 681 1085 4

131 1090 270 1128 quantitas
285 1090 389 1118 motrix
403 1088 533 1116 definitur
546 1097 572 1124 p.
586 1097 604 1122 4

129 1128 278 1166 proportio
292 1128 350 1165 ejus
363 1126 398 1155 ad
413 1127 472 1155 vim
488 1126 642 1163 quamlibet
656 1131 754 1154 notam
765 1145 773 1157 ,
787 1132 842 1163 qua

172 1167 280 1196 ratione
293 1164 448 1202 colligenda
463 1164 510 1197 fit,
531 1163 682 1192 ostenditur
696 1173 744 1197 40,
762 1172 772 1191 1

37 1233 39 1237 .
92 1205 207 1240 Vitium
228 1205 442 1240 centripetarum
464 1203 609 1234 inventio,
629 1202 675 1230 ubi
697 1209 796 1237 corpus
811 1203 840 1231 in

129 1244 217 1280 spatio
239 1251 298 1271 non
319 1241 471 1274 resistente,
493 1240 563 1269 circa
586 1246 713 1268 centrum
734 1241 841 1269 immo-

131 1282 202 1314 bile,
223 1282 251 1309 in
268 1280 345 1309 Orbe
360 1287 532 1317 quocunque
545 1278 701 1308 revolvitur
717 1278 747 1312 Ι,
761 1279 794 1306 6:
810 1279 840 1312 Ι,

88 1319 204 1386 Ἦτεξὲῗιὶς-
218 1319 385 1393 ὶεέῐίῑέἰρθῖῐς
409 1355 478 1384 datis
505 1354 540 1383 ad
560 1355 750 1393 quodcunque
771 1363 842 1392 pun-

133 1396 209 1425 &tum
234 1395 435 1429 tendentibus,
461 1393 560 1432 quibus
580 1393 679 1441 Figura
699 1393 806 1431 quaevis
826 1402 841 1421 a

894 146 928 182 R
955 146 987 181 E
1014 147 1048 182 R
1075 146 1109 182 U'
1125 147 1181 184 M.

936 220 1054 248 corpore
1083 212 1248 240 revolvente
1277 210 1388 241 describi
1416 212 1504 250 potest
1522 225 1528 246 ;
1554 213 1652 244 dantur

932 250 1003 278 vires
1033 251 1195 287 centripetae
1222 251 1254 278 ai
1277 251 1350 279 aliud
1372 251 1491 289 quodvis
1513 252 1649 288 punctum

931 289 1094 321 tendentes,
1115 290 1212 325 quibus
1226 288 1324 317 eadem
1343 289 1441 326 Figura
1458 289 1561 318 eodem
1579 299 1651 318 iern-

931 334 999 360 pore
1014 328 1158 363 periodico
1175 327 1288 357 describi
1304 329 1391 363 potest
1406 337 1450 363 41.
1468 337 1481 365 3

895 362 1008 393 Viribus
1031 365 1191 402 centripeiis
1209 365 1277 393 daris
1301 367 1400 403 quibus
1423 366 1524 402 Figura
1540 367 1649 404 quaevis

935 402 1094 432 describitur
1112 405 1446 440 acorporerevolvente;
1471 405 1570 433 dantur
1579 405 1651 433 vires

933 441 1032 477 quibus
1055 443 1152 478 Figura
1173 450 1248 470 nova
1274 442 1385 471 describi
1402 444 1508 479 potest,
1530 442 1547 470 fi
1564 443 1650 472 Ordi-

931 486 1005 508 natae
1020 487 1172 516 augeantur
1188 481 1231 508 ve]
1247 481 1407 510 minuantur
1424 482 1452 509 in
1462 482 1570 509 ratione
1579 490 1648 518 qua-

930 525 1043 556 cunque
1059 520 1118 547 data
1130 540 1138 553 ‚
1161 519 1205 547 vel
1222 519 1647 555 angulusOrdinationisutcun-

929 565 985 592 que
1013 563 1135 586 mutetur
1149 578 1158 591 ‚
1188 563 1320 586 manente
1347 564 1477 596 tempore
1498 557 1645 594 periodico

927 602 981 627 47,
1002 595 1037 623 28

890 630 1003 660 Viribus
1020 634 1178 669 centripetis
1194 634 1220 662 in
1241 634 1379 671 duplicata
1387 632 1495 663 ratione
1506 634 1645 664 distantia-

930 677 990 697 rum
1010 671 1245 706 decrescentibus,
1265 681 1396 709 quaenarn
1413 673 1522 709 Figurae
1531 672 1644 702 describi

922 705 1058 748 possunt,
1080 710 1230 739 ostenditur
1247 719 1299 748 53,
1325 721 1354 740 1:
1382 721 1451 748 150,
1474 711 1490 739 8

888 743 926 772 Vi
945 745 1096 780 centripeta

926 790 991 819 quze
1005 781 1038 811 sit
1052 784 1195 819 reciproce
1210 792 1241 813 ut
1259 787 1342 814 cubus
1359 787 1509 816 ordinatim
1521 788 1642 825 applica-⁴

965 827 1002 848 1ae
1024 821 1164 850 tendentis
1184 823 1219 851 ad
1241 830 1367 852 centrum
1389 825 1491 852 virium
1515 828 1639 854 maxime

962 858 1150 895 longinquum
1172 881 1178 893 0
1208 870 1308 897 corpus
1339 862 1499 890 movebitur
1527 864 1556 891 in
1577 864 1640 892 dara

960 898 1060 934 quavis
1077 900 1141 926 coni
1156 898 1280 928 sefflone
1293 909 1327 936 45
1339 920 1347 932 ,
1374 908 1385 928 1

923 943 987 973 quae
1010 935 1042 963 sit
1056 942 1084 963 ut
1098 936 1182 964 cubus
1197 937 1349 966 ordinatim
1365 938 1509 974 applicatae
1522 938 1639 968 tenden-

959 974 997 1002 tis
1012 973 1045 1002 ad
1062 980 1188 1003 centrum
1198 975 1299 1003 virium
1308 976 1637 1014 maximeionginqmm,

960 1019 1060 1045 corpus
1076 1012 1240 1041 movebitur
1253 1013 1282 1041 in
1299 1014 1462 1051 Hyperbola
1478 1024 1544 1048 202,
1559 1018 1595 1042 20

883 1049 993 1078 Umbra
1001 1049 1147 1079 Terrestris
1157 1051 1184 1078 in
1193 1051 1341 1088 Eclipfibus
1351 1053 1442 1080 Lunae
1451 1054 1577 1088 augenda
1588 1053 1637 1087 εἰῇ·

921 1093 1033 1124 propter
1045 1088 1249 1124 Atmosphaerae
1264 1090 1461 1118 refractionem
1477 1099 1541 1126 425,
1553 1100 1585 1126 27

884 1125 1000 1154 Umbrae
1021 1125 1169 1155 Terrestris
1190 1127 1318 1156 diametri
1340 1137 1397 1156 non
1412 1128 1473 1156 sunt
1494 1130 1634 1166 aequales;

918 1171 1021 1201 quanta
1036 1164 1066 1192 sit
1081 1165 1234 1194 differentia
1249 1165 1402 1194 ostenditur
1418 1167 1483 1202 387,
1500 1166 1515 1194 8

879 1202 1028 1231 Undarum
1051 1203 1079 1231 in
1104 1212 1184 1240 aquae
1204 1204 1351 1239 stagnantis
1373 1203 1515 1240 superficie
1531 1205 1635 1241 propalv

918 1247 1043 1276 gatarum
1054 1241 1189 1270 velocitas
1205 1243 1346 1272 invenitur
1360 1241 1397 1276 ll,
1413 1242 1447 1277 46

880 1278 1031 1307 Vorticum
1054 1286 1150 1308 natura
1174 1281 1203 1308 &
1226 1280 1387 1309 constitutio
1405 1280 1439 1308 ad
1456 1288 1572 1309 examen
1589 1281 1632 1316 reo]
1656 1289 1660 1290 ⁷

920 1322 1035 1345 vocatur
1049 1317 1088 1351 ΙΙ,
1104 1318 1175 1346 Se&
1190 1328 1223 1355 9:
1246 1319 1318 1353 481,
1339 1328 1371 1346 21

880 1355 1037 1421 Ulnfiflujus
1059 1356 1170 1385 voculae
1191 1356 1353 1394 fignificatio
1365 1356 1566 1387 Mathematica
1583 1357 1632 1391 ἀεῖ
1657 1366 1661 1367 ’

942 1399 1013 1422 nitur
1030 1402 1080 1431 30,
1105 1404 1138 1431 ¹9

667 1545 1060 1591 F'Ile,
