2079 3033
380 65 398 89 Ὺ*

378 192 427 218 22
670 169 1163 218 PHILOSOPHIAE
1215 140 1629 212 NATURALIS

185 273 369 308 Axromn,
435 254 480 297 In
508 254 826 296 Attraffionibus
858 266 946 295 rem
974 253 1026 294 fic
1045 252 1222 294 breviter
1241 249 1422 291 ostendo,
1479 247 1730 302 Corporibus
1761 252 1919 296 duobus

226 321 292 341 ⁵³¹ss
383 310 585 365 quibusvis
605 313 663 357 A,
682 310 722 349 B
747 309 786 349 se
807 318 950 349 mutuo
971 307 1218 349 trahentibus
1236 334 1248 353 ‚
1285 304 1455 357 concipe
1482 303 1726 364 obstaculum
1747 309 1920 359 quodvis

383 365 586 418 interponi
612 377 695 417 quo
723 362 952 417 congressus
977 376 1118 404 eorum
1137 360 1389 414 impediatur.
1456 357 1496 398 Si
1515 372 1659 412 corpus
1687 360 1922 405 alterutrum

385 421 433 461 A
448 420 569 473 magis
590 418 759 458 trahitur
781 419 913 459 versus
931 431 1076 472 corpus
1098 417 1270 457 alterum
1283 414 1321 454 B
1340 443 1351 461 ,
1378 426 1498 467 quam
1518 413 1614 453 illud
1635 414 1804 470 alterum
1822 417 1860 455 B
1879 419 1922 460 in

383 474 492 529 prius
518 476 584 520 A,
630 471 876 514 obstaculum
904 474 1029 526 magis
1056 470 1265 524 urgebitur
1294 467 1495 522 pressione
1523 468 1705 521 corporis
1733 471 1781 510 A
1801 483 1923 524 quam

383 527 581 582 pressione
599 527 779 580 corporis
798 528 837 567 B
849 545 858 574 ;
872 528 1126 580 proindeque
1145 538 1227 565 non
1247 522 1422 564 manebit
1439 523 1480 561 in
1502 522 1735 576 aequilibrio.
1766 524 1924 567 Praeva-

387 582 483 623 lebit
503 580 648 635 pressio
677 581 822 622 fortior
841 611 853 628 ‚
892 581 1093 634 facietque
1112 591 1155 619 ut
1175 578 1339 632 systema
1358 585 1577 630 corporum
1597 575 1771 619 duorum
1793 579 1835 619 ἅ*
1853 581 1926 621 ob-

384 635 519 676 staculi
539 647 748 676 moveatur
768 637 808 676 in
828 634 1025 676 directum
1045 635 1085 675 in
1104 644 1235 688 partes
1257 632 1389 673 versus
1411 632 1449 670 B
1465 659 1478 678 ‚
1508 640 1705 685 motuque
1726 633 1767 673 in
1794 634 1925 687 spatiis

385 690 520 731 liberis
541 690 692 743 semper
711 691 932 731 accelerato
950 689 1061 730 abeat
1089 689 1129 729 in
1148 687 1361 728 infinitum.
1428 685 1555 739 Quod
1574 685 1630 726 est
1649 686 1860 736 absurdum
1883 689 1926 729 &

386 744 489 798 Legi
510 745 650 798 primae
669 745 928 786 contrarium.
993 745 1096 785 Nam
1115 756 1186 797 per
1205 742 1362 794 Legem
1381 741 1549 794 primam
1578 739 1742 781 debebit
1762 742 1926 796 systema

385 799 638 853 perseverare
665 801 706 840 in
734 799 835 840 statu
863 800 933 840 suo
961 797 1193 853 quiescendi
1221 798 1284 837 vel
1306 796 1499 836 movendi
1516 794 1775 837 uniformiter
1796 797 1837 838 in
1867 798 1927 838 di-
1992 808 1998 810 “

385 853 561 900 rectum,
591 854 844 909 proindeque
870 867 1042 907 corpora
1062 852 1267 907 aequaliter
1286 850 1487 903 urgebunt
1507 849 1776 910 obstaculum,
1807 851 1847 891 δε
1866 852 1929 893 id-

387 908 498 948 circo
528 910 733 962 aequaliter
753 910 960 950 trahentur
987 909 1029 949 in
1065 907 1251 948 invicem.
1312 906 1489 945 Tentavi
1509 904 1589 944 hoc
1608 917 1648 944 m
1670 904 1867 958 Magnete
1886 906 1930 946 &c

386 961 524 1003 Ferro.
598 963 638 1002 Si
668 964 752 1004 haec
781 964 823 1003 in
851 964 1013 1004 vasculis
1033 963 1203 1016 propriis
1219 961 1299 1001 sese
1321 958 1648 1013 contingentibus
1667 959 1828 1000 seorsim
1857 974 1932 1013 po-

386 1015 476 1064 fita,
504 1017 546 1058 in
557 1030 656 1071 aqua
674 1018 876 1071 stagnante
890 1018 1003 1071 juxta
1021 1017 1207 1063 fluitent3
1238 1025 1427 1057 neutrum
1446 1014 1643 1068 propellet
1662 1015 1932 1062 alterum‚sed

388 1072 613 1125 aequalitate
649 1072 894 1113 attractionis
925 1073 1115 1124 utrinque
1145 1071 1389 1113 sustinebunt
1416 1078 1584 1111 conatus
1609 1067 1650 1108 in
1677 1070 1933 1118 semutuos,

390 1137 435 1165 ac
456 1127 619 1167 tandem
637 1127 678 1167 in
697 1127 921 1181 aequilibrio
939 1126 1154 1166 constituta
1176 1126 1395 1179 quiescent.

446 1179 512 1220 Sic
539 1182 658 1221 etiam
686 1183 854 1234 gravitas
874 1182 977 1222 inter
994 1181 1168 1221 Terram
1198 1180 1240 1220 δε
1269 1179 1351 1232 ejus
1378 1188 1508 1233 partes
1526 1208 1537 1227 ,
1574 1189 1711 1220 mutua
1730 1179 1798 1220 est.
1863 1179 1935 1221 Se-

393 1244 508 1274 cetur
535 1235 666 1275 Terra
697 1236 769 1275 FI
782 1237 901 1289 plano
921 1236 1063 1289 quovis
1096 1235 1186 1275 EG
1208 1235 1250 1274 in
1275 1245 1407 1287 partes
1429 1234 1525 1275 duas
1550 1234 1635 1273 EG
1652 1235 1689 1273 F
1713 1234 1754 1274 &
1787 1234 1935 1282 EG-J;

395 1287 437 1327 ὃς
455 1290 616 1342 aequalia
645 1301 763 1331 erunt
791 1290 930 1331 harum
960 1290 1140 1344 pondera
1168 1291 1211 1330 in
1239 1289 1278 1329 se
1307 1302 1395 1328 rnu-
1775 1291 1851 1301 ‘m‘

393 1351 476 1383 tuo,
541 1344 643 1383 Nam
675 1344 702 1384 fi
731 1346 848 1397 plano
876 1346 952 1386 alio
983 1345 1088 1384 HK
1120 1343 1231 1396 quod
1269 1343 1393 1395 priori

395 1396 493 1436 EG
522 1398 747 1450 parallelum
780 1399 854 1446 iit,
902 1412 989 1451 pars
1029 1398 1153 1446 major
1187 1397 1307 1436 EGI
1334 1397 1391 1436 se-

395 1461 510 1491 cetur
537 1452 578 1491 in
615 1464 748 1505 partes
777 1453 874 1493 duas
906 1453 947 1491 E
965 1454 1001 1492 G
1020 1452 1119 1492 KH
1143 1452 1183 1492 δε
1214 1451 1323 1491 ΗΚ
1345 1451 1388 1498 J,

396 1517 566 1557 quarum
593 1506 698 1544 HK
716 1515 741 1546 J
767 1507 925 1558 aequalis
969 1506 1013 1544 fit
1052 1508 1152 1557 parti
1188 1507 1295 1558 prius
1323 1505 1386 1544 ab-
1405 1524 1441 1558 1²⁸

396 1558 514 1598 scissae
550 1558 591 1597 E
608 1559 649 1597 F
662 1560 730 1599 G:
780 1560 1030 1599 manifestum
1069 1558 1124 1598 est
1161 1559 1274 1612 quod
1303 1571 1388 1610 pars

397 1612 530 1651 media
559 1612 600 1649 E
610 1613 760 1651 GKH
771 1613 953 1663 pondere
972 1612 1137 1663 proprio
1154 1613 1195 1650 in
1207 1622 1390 1651 neutram

396 1665 568 1718 partium
589 1675 860 1705 extremarum
880 1663 1172 1717 propendebit,
1198 1664 1266 1704 sed
1284 1664 1389 1703 inter

395 1729 608 1773 utramque
624 1720 666 1760 in
686 1732 718 1759 ae
742 1719 952 1774 qussibrio,
989 1729 1033 1759 ut
1052 1719 1105 1757 ita
1120 1718 1255 1759 dicam
1276 1748 1287 1765 ,
1314 1718 1391 1757 sus-

395 1774 596 1826 pendetur
616 1803 626 1820 ‚
663 1774 704 1814 δε
722 1774 911 1828 quiescet.
969 1773 1063 1813 Pars
1082 1783 1218 1814 autem
1235 1783 1416 1814 extrema
1438 1769 1485 1809 H
1492 1773 1535 1812 K
1541 1772 1567 1811 I
1581 1782 1671 1813 toto
1689 1773 1760 1814 suo
1778 1775 1933 1828 ponde-

399 1841 442 1867 re
468 1828 674 1869 incumbet
699 1829 740 1868 in
770 1840 924 1879 partem
953 1828 1129 1868 mediam
1148 1857 1159 1875 ‚
1188 1828 1227 1868 &
1259 1827 1419 1880 urgebit
1447 1825 1553 1867 illam
1581 1827 1623 1867 in
1649 1838 1805 1882 partem
1835 1830 1931 1871 alte-

397 1895 483 1922 ram
511 1892 734 1924 extremam
753 1883 910 1930 EGF3
940 1883 1117 1936 ideoque
1139 1883 1196 1923 vis
1220 1896 1298 1937 qua
1318 1882 1490 1934 partium
1509 1881 1640 1922 HKI
1663 1883 1705 1923 δε
1734 1884 1940 1924 EGKH

396 1936 547 1976 summa
575 1937 615 1976 E
624 1937 700 1977 GI
721 1936 851 1977 tendit
878 1938 1008 1977 versus
1028 1948 1182 1990 partem
1200 1937 1358 1977 tertiam
1382 1937 1418 1975 E
1429 1935 1533 1984 GF,
1572 1938 1731 1992 aequalis
1754 1938 1809 1978 est
1828 1951 1931 1992 pon-

397 1990 480 2030 deri
503 1992 621 2043 partis
641 1991 790 2039 HKI,
815 1992 856 2031 id
878 1991 934 2030 est
950 1991 1121 2044 ponderi
1143 1992 1261 2045 partis
1278 1991 1408 2031 tertiae
1431 1991 1469 2030 E
1483 1991 1578 2032 GF.
1645 1991 1698 2032 Et
1716 2002 1931 2046 propterea

393 2046 572 2097 pondera
599 2047 768 2098 partium
790 2046 960 2086 duarum
984 2046 1108 2086 EGI
1123 2080 1132 2092 ,
1173 2046 1313 2086 EGF
1336 2046 1376 2086 in
1406 2046 1445 2086 se
1466 2056 1608 2087 mutuo
1629 2046 1718 2087 sunt
1736 2048 1899 2101 aequalia
1918 2077 1930 2095 ,

395 2100 454 2138 uti
471 2101 579 2140 volui
598 2101 820 2141 ostendere.
895 2100 949 2140 Et
971 2100 1041 2140 nisi
1059 2100 1238 2154 pondera
1256 2101 1318 2141 illa
1341 2101 1503 2154 aequalia
1523 2100 1667 2148 essent,
1693 2101 1825 2142 Terra
1845 2111 1929 2142 tota

395 2153 436 2193 in
456 2154 582 2194 libero
602 2155 752 2196 aethere
771 2154 930 2195 fluitans
950 2154 1125 2209 ponderi
1147 2155 1284 2208 majori
1304 2155 1468 2196 cederet
1486 2185 1498 2204 ‚
1527 2156 1568 2196 &
1590 2155 1637 2195 ab
1663 2169 1714 2196 eo
1733 2156 1927 2210 fugiendo

396 2207 521 2248 abiret
542 2208 581 2247 in
599 2209 811 2250 infinitum.

455 2263 517 2302 Ut
536 2275 705 2317 corpora
723 2266 763 2304 in
783 2264 979 2305 concursu
1010 2264 1052 2304 &
1070 2264 1291 2306 reflexione
1311 2264 1419 2306 idem
1442 2264 1592 2318 pollent
1610 2295 1621 2312 ,
1656 2278 1830 2318 quorum
1860 2278 1929 2306 ve-

395 2316 576 2357 locitates
611 2318 698 2358 sunt
725 2319 932 2372 reciproce
969 2329 1014 2359 ut
1045 2320 1145 2360 vires
1173 2319 1327 2359 infitae:
1372 2319 1423 2360 fic
1467 2320 1507 2360 in
1546 2321 1756 2360 movendis
1785 2320 1927 2361 Instru-

360 2373 363 2375 ’
396 2372 541 2412 mentis
570 2374 810 2413 mechanicis
848 2374 1004 2427 agentia
1032 2374 1142 2414 idem
1171 2374 1318 2428 pollent
1347 2374 1387 2413 δε
1417 2374 1622 2417 conatibus
1650 2375 1859 2416 contrariis
1889 2375 1927 2413 se

398 2436 543 2467 mutuo
570 2426 754 2468 sustinent
773 2457 784 2477 ‚
830 2441 1004 2482 quorum
1031 2430 1264 2471 velocitates
1294 2429 1514 2471 secundum
1549 2429 1926 2488 determinationem

1781 2496 1925 2524 virium
