2079 3033
406 151 751 199 PRINCIP'IA
808 151 1364 202 MATHEMATICA.
1617 180 1661 206 21

123 240 241 283 nihil:
271 238 542 281 subducantur
570 237 654 277 aliae
682 244 812 289 partes
842 236 957 283 duae,
987 238 1029 279 &
1057 239 1127 281 fiet
1145 251 1279 283 motus
1300 241 1468 284 duarum
1488 246 1658 298 partium
1696 256 1862 298 LEGEsss

120 295 161 336 in
189 296 344 349 plagam
368 292 606 335 contrariam
626 305 634 331 :
674 292 714 330 ὅτ,
744 289 796 331 fic
814 290 867 331 de
896 302 1012 333 motu
1035 296 1215 349 corporis
1234 297 1274 336 B
1293 298 1466 350 partium
1484 299 1552 340 sex
1570 300 1657 342 sub·
1674 297 1845 339 Μουσε-

118 349 310 391 ducendo
337 358 466 403 partes
495 345 806 406 quatuordecim
826 375 838 393 ,
865 346 962 387 fient
993 358 1122 400 partes
1152 350 1245 391 ocio
1263 351 1305 393 in
1323 353 1480 406 plagam
1497 363 1657 397 contra-

117 404 228 446 riam,
285 402 410 457 Quod
439 400 466 441 fi
486 412 657 453 corpora
689 400 797 440 1bant
817 400 866 440 ad
894 401 1063 443 eandem
1083 404 1258 457 plagam,
1301 408 1346 447 A
1360 408 1536 448 velocius
1562 422 1657 451 cum

115 459 292 512 partibus
311 454 620 510 quatuordecim
633 483 643 502 ‚
673 454 714 495 &
736 454 775 493 B
794 455 944 496 tardius
964 469 1058 497 cum
1076 458 1252 511 partibus
1271 461 1472 515 quinque,
1503 463 1544 503 δε
1569 464 1658 517 post

114 513 379 554 reflexionem
408 510 603 563 pergebat
623 514 692 552 uA
718 522 811 550 cum
840 511 1020 565 quinque
1048 512 1254 564 partibus;
1293 516 1485 569 pergebat
1504 517 1544 556 B
1561 532 1656 560 cum

143 564 421 608 uatuordecim
445 593 457 612 ,
493 562 594 604 faeta
620 563 878 605 transsatione
905 566 1079 616 partium
1107 579 1258 608 novem
1281 569 1333 609 de
1360 571 1455 611 Ain
1484 572 1534 612 B.
1601 573 1657 614 Et

112 580 164 662 iic
182 621 223 661 in
248 618 424 672 reliquis.
482 619 522 658 A
541 616 753 670 congressu
774 617 816 657 &
834 618 1036 659 collifione
1054 632 1274 674 corporum
1293 636 1498 677 nunquam
1527 637 1656 669 muta-

109 675 224 715 batur
252 673 451 729 quantitas
480 683 642 718 motus,
673 684 765 725 quae
793 685 846 713 ex
874 673 1026 713 summa
1055 684 1242 715 motuum
1271 679 1583 731 conspirantium
1613 683 1656 724 &

111 728 339 770 differentia
374 726 670 768 contrariorum
700 727 975 780 colligebatur.
1048 728 1154 769 Nam
1185 741 1367 771 errorem
1394 733 1510 786 digiti
1540 737 1655 778 unius

110 783 152 823 &
171 783 330 824 alterius
350 782 392 823 in
419 781 611 823 mensuris
642 780 849 822 tribuerim
870 780 1101 823 difficultati
1127 785 1347 837 peragendi
1376 785 1524 839 singula
1567 791 1655 832 satis

79 865 82 868 -
107 848 304 879 accurate.
362 836 542 878 Difficile
563 846 668 887 erat,
697 846 784 877 tum
805 836 978 890 pendula
998 836 1110 878 fimul
1141 839 1356 880 demittere
1378 839 1429 880 fic
1453 870 1463 888 ,
1500 851 1544 882 ut
1563 858 1653 885 cor-

106 904 205 946 pora
227 893 269 934 in
297 893 336 934 se
366 903 509 933 mutuo
530 892 799 945 impingerent
821 891 862 931 in
882 892 975 931 loco
994 892 1134 933 infimo
1157 896 1228 936 ιΛ
1237 893 1274 933 Β
1294 911 1305 940 ;
1337 904 1424 936 tum
1443 896 1554 945 loca,
1578 901 1653 945 s‚k

105 956 251 995 notare
268 977 279 994 ‚
325 948 376 988 ad
403 959 499 1001 quaes
523 960 695 1001 corpora
723 945 989 987 ascendebant
1017 947 1105 1000 post
1132 948 1382 989 concursum.
1449 949 1527 991 Sed
1551 953 1652 995 &in

103 1000 193 1054 ipfis
223 1002 310 1056 pilis
347 1002 548 1057 inaequalis
575 1001 750 1056 partium
778 1000 968 1052 densitas,
999 1001 1039 1042 &
1072 1011 1231 1043 textura
1258 1003 1340 1044 aliis
1369 1003 1422 1045 de
1452 1005 1573 1048 causis
1601 1009 1651 1049 11ἓ

106 1057 320 1109 regularis,
348 1070 506 1098 errores
535 1057 793 1098 inducebant.
1655 1076 1659 1081 ⁸

156 1110 287 1152 Porro
316 1112 455 1166 nequis
485 1111 644 1164 objiciat
664 1111 884 1166 Regulam,
912 1113 961 1154 ad
973 1126 1094 1169 quam
1106 1113 1572 1168 probandaminventum
1594 1119 1655 1160 estr

103 1165 183 1207 hoc
213 1167 558 1220 experimentum,
587 1166 897 1221 praesupponere
926 1182 1099 1222 corpora
1126 1170 1189 1212 vel
1218 1170 1394 1212 absolute
1423 1172 1521 1213 dura
1550 1173 1650 1222 effe,

102 1221 165 1261 vel
194 1221 331 1262 saltem
360 1220 537 1275 perfecte
567 1221 721 1262 elastica
739 1251 750 1269 ‚
790 1221 1015 1275 cujusmodi
1043 1224 1151 1265 nulla·
1178 1225 1435 1277 reperiuntur-
1464 1227 1510 1267 in.
1535 1241 1648 1268 com-

97 1275 360 1329 positionibus
379 1275 642 1321 naturalibus;
674 1276 782 1317 addo
792 1277 1208 1332 quodExperimenta
1215 1280 1295 1332 jam
1307 1280 1503 1334 descripta
1513 1281 1649 1322 succe-

98 1329 202 1372 dunt
231 1330 273 1372 in
292 1330 529 1385 corporibus
553 1330 739 1372 mollibus
759 1343 876 1386 aeque
896 1346 942 1373 ac
960 1332 1003 1373 in
1022 1333 1132 1374 duris
1152 1363 1167 1381 ‚.
1194 1334 1385 1375 nimirum
1404 1348 1426 1375 a
1445 1335 1647 1377 conditio-

64 1396 68 1397 ⁷
97 1396 150 1425 ne
172 1385 335 1427 duritiei
363 1387 598 1440 neutiquam
616 1385 843 1439 pendentia.
912 1387 1017 1428 Nam
1039 1387 1065 1428 fi
1086 1387 1245 1441 Regula
1263 1388 1327 1429 illa
1345 1389 1387 1429 in
1408 1390 1647 1442 corporibus

94 1451 179 1480 non
204 1440 382 1494 perfecte
409 1440 519 1481 duris
537 1439 729 1481 tentanda
749 1439 805 1481 est
823 1470 835 1488 ‚
865 1440 1033 1481 debebit
1051 1442 1307 1483 solummodo
1326 1442 1497 1484 reflexio
1519 1444 1647 1486 minui

96 1491 139 1533 in
157 1504 267 1534 certa
287 1495 552 1547 proportione
574 1507 648 1545 pro
671 1495 893 1544 quantitate
912 1495 970 1532 vis
980 1493 1175 1533 Elasticae.
1214 1495 1257 1534 In
1279 1494 1460 1536 Theoria
1478 1498 1647 1538 Wrenni

94 1545 138 1586 ὅτ
158 1546 332 1602 Hugenii
350 1559 522 1599 corpora
540 1546 717 1586 absolute
746 1545 845 1585 dura
864 1545 1036 1585 redeunt
1057 1545 1104 1586 ab
1123 1546 1299 1587 invicem
1319 1561 1412 1589 eum
1432 1542 1646 1592 velocitate

94 1599 340 1652 congressus
393 1601 554 1639 Certius
576 1599 618 1636 id
638 1597 902 1636 affirmabitur
922 1597 974 1636 de
994 1598 1172 1649 perfefie
1191 1600 1379 1640 Elasticis.
1437 1602 1480 1641 In
1498 1604 1645 1657 imper.-

92 1653 197 1695 seete
218 1652 395 1693 Elasticis
428 1651 617 1691 velocitas
648 1649 802 1690 reditus
822 1650 1046 1698 minuenda,
1058 1650 1113 1691 est
1134 1650 1246 1693 simul
1266 1665 1361 1694 cum
1381 1654 1420 1694 vi
1440 1654 1609 1698 Elastica
1631 1676 1642 1705 ;

92 1712 308 1762 propterea
329 1705 442 1760 quod
461 1706 518 1746 vis
539 1704 600 1745 illa
613 1733 625 1752 ‚
666 1707 681 1756 (
706 1703 778 1745 nisi
797 1704 865 1745 ubi
884 1714 1015 1759 partes
1033 1718 1254 1760 corporum
1273 1721 1325 1749 ex
1344 1710 1555 1762 congressu
1576 1713 1643 1752 lae-

91 1762 266 1810 duntur,
292 1763 354 1802 vel
373 1759 650 1801 extensionem
670 1758 878 1813 aliqualem
896 1759 1003 1813 quafi
1021 1759 1090 1800 sub
1111 1762 1256 1803 malleo
1268 1762 1524 1815 patiuntur‚)
1556 1779 1644 1806 cer-

93 1826 133 1858 ta
151 1831 196 1858 ac
216 1815 480 1858 determinata
504 1814 546 1854 fit
576 1816 592 1866 <
610 1822 806 1868 quantum
826 1813 954 1855 sentio
973 1817 989 1865 )
1024 1814 1223 1870 faciatque
1243 1829 1413 1869 corpora
1433 1819 1571 1860 redire
1593 1820 1641 1861 ab

92 1872 266 1913 invicem
287 1880 380 1913 cum
393 1870 607 1912 velocitate
628 1869 910 1923 relativa‚quae
930 1868 974 1909 fit
994 1869 1044 1910 ad
1056 1870 1260 1926 relativam
1271 1872 1527 1914 velocitatem
1546 1887 1654 1915 con-⁷

92 1926 285 1968 cursusin
306 1926 396 1966 data
413 1925 580 1965 ratione.
621 1923 666 1963 Id
686 1922 726 1963 in
746 1923 833 1977 pilis
863 1937 914 1964 ex
933 1924 1018 1964 lana
1040 1925 1147 1966 arcte
1158 1927 1461 1980 conglomerata
1474 1928 1643 1969 &forti-

93 1990 156 2021 ter
177 1979 386 2022 constric³m
409 1979 459 2020 fic
480 1978 642 2019 tentavi.
681 1977 862 2018 Primum
883 1978 1139 2021 demittendo
1159 1980 1340 2022 Pendula
1361 1982 1644 2024 &mensuran-

92 2035 149 2076 do
169 2035 436 2077 reflexionem
458 2064 469 2081 ,
514 2033 648 2074 inveni
669 2033 934 2086 quantitatem
955 2033 1012 2073 vis
1031 2033 1212 2076 Elasticae
1235 2053 1245 2082 ;
1279 2035 1427 2077 deinde
1446 2049 1519 2090 per
1538 2036 1639 2078 hanc

92 2090 175 2130 vim
195 2089 460 2131 determinavi
478 2087 721 2129 reflexiones
742 2088 782 2127 in
802 2088 883 2128 aliis
905 2087 1053 2128 casibus
1073 2090 1340 2131 concursuum
1362 2119 1373 2138 ,
1414 2090 1452 2131 ἃ
1476 2091 1641 2144 respon-

91 2144 241 2185 debant
253 2143 554 2196 Experimenta.
613 2141 819 2182 Redibant
841 2142 996 2196 semper
1018 2143 1114 2196 pilaec
1129 2144 1364 2185 abinvicem
1377 2158 1470 2197 cum
1488 2146 1640 2187 veloci-

91 2206 174 2238 tate
194 2199 355 2239 relativa
369 2228 380 2245 ,
409 2211 499 2252 quae
522 2196 616 2237 esset
635 2196 686 2236 ad
707 2196 962 2237 velocitatem
984 2198 1186 2239 relativam
1200 2200 1415 2240 concursus
1435 2210 1478 2240 ut
1499 2213 1526 2249 51
1541 2200 1591 2240 ad
1614 2214 1641 2252 9⁴

90 2251 266 2293 circiter.
297 2251 451 2293 Eadem
469 2252 555 2293 fere
577 2264 670 2291 cum
682 2251 898 2292 velocitate
917 2251 1102 2293 redibant
1112 2253 1200 2306 pilae
1212 2266 1263 2294 ex
1273 2254 1462 2308 chalybe:
1485 2254 1571 2295 aliae
1584 2267 1637 2295 ex

89 2305 230 2347 subere
260 2320 353 2347 cum
375 2307 491 2359 paulo
520 2306 676 2345 minore
698 2319 706 2345 :
746 2305 786 2345 in
805 2305 941 2346 vitreis
961 2316 1095 2347 autem
1119 2309 1331 2362 proportio
1350 2318 1435 2349 erat
1459 2322 1504 2358 15
1516 2309 1566 2349 ad
1591 2311 1638 2347 16

90 2361 263 2402 circiter.
323 2362 458 2414 Atque
486 2361 563 2400 hoc
586 2359 701 2412 paeto
722 2359 814 2400 Lex
831 2362 947 2400 tertia
968 2361 1103 2414 quoad
1123 2362 1220 2402 icius
1243 2362 1283 2402 δε
1304 2362 1543 2404 reflexiones
1563 2375 1636 2416 per

88 2414 314 2458 Theoriam
331 2414 591 2468 comprobata
610 2413 665 2454 est
680 2442 690 2461 ,
716 2426 807 2467 quee
831 2428 923 2455 cum
946 2417 1192 2469 experientia
1213 2419 1329 2472 plane
1348 2417 1561 2471 congruit&

871 2468 915 2507 Gr
940 2482 959 2515 3
1590 2468 1644 2512 Ina
