2079 3033
373 143 719 189 PRINCIPIA
772 138 1324 188 MATH'EMATI’CA.
1574 151 1651 208 369

1683 221 1807 252 Ltnnx

1661 259 1872 298 Tenum}-

329 293 741 336 PROPOSITIO
770 291 1291 336 V1·1.THEOREMA
1321 291 1404 335 VH.

110 421 400 472 Gravitatem
419 424 471 472 sin
503 436 686 490 corpora
710 420 920 480 universa
937 421 1049 487 fier-i
1066 461 1079 482 ‚
1121 438 1311 488 eamque
1326 424 1640 491 proportiona-

376 492 471 541 lem
492 492 577 558 ff
603 491 850 559 quantitati
879 490 1080 539 materiae
1104 490 1152 539 in
1158 490 1364 558 singulis.

164 626 345 667 Planetas
369 639 509 667 omnes
536 625 576 664 in
605 624 644 665 se
672 632 815 664 mutuo
833 636 970 677 graves
988 625 1064 666 effe
1077 627 1158 680 jam
1178 619 1269 667 ante
1288 627 1566 681 probavimus,
1594 639 1639 671 ut

106 683 148 722 δε
167 681 399 734 gravitatem
419 681 458 720 in
485 690 814 731 unumquemque
839 678 998 717 seorsim
1024 680 1241 731 spe&atu1n
1268 681 1344 720 esse
1364 683 1571 735 reciproce
1590 694 1634 726 ut

108 733 344 791 quadratum
364 734 555 782 distantiae
577 733 760 773 locorum
779 732 800 771 a
820 741 963 772 centro
983 730 1168 773 Planetae.
1209 734 1261 773 Et
1278 734 1372 773 inde
1391 737 1638 790 consequens

99 789 181 836 est,
213 790 311 841 (per
331 789 449 841 Prop.
468 799 577 828 inx.
595 785 688 826 Lib.
705 785 734 826 1.
756 784 900 837 &ejus
920 785 1166 837 Corollaria)
1185 787 1423 839 gravitatem
1441 789 1482 829 in
1500 804 1640 833 omnes

100 843 446 897 ,proportionalem
466 841 543 882 effe
565 839 740 881 materiae
761 839 802 879 in
819 839 971 880 iisdem.

161 949 292 991 Porro
318 962 410 991 cum
433 949 609 991 Planetae
627 947 797 1000 cujusvis
818 947 859 987 A
880 956 1009 1001 partes
1028 960 1174 989 vomnes
1193 960 1330 1002 graves
1349 948 1421 989 fint
1439 948 1480 990 in
1500 949 1641 992 Plane-

106 1013 188 1045 tam
206 1005 386 1058 quemvis
407 1004 466 1050 B,
496 1004 538 1044 &
556 1003 724 1056 gravitas
742 1002 862 1054 partis
887 1001 1075 1056 cujusque
1102 1002 1149 1043 fit
1168 1004 1217 1042 ad
1239 1003 1475 1055 gravitatem
1494 1006 1640 1054 totius,

97 1069 149 1099 -nt
167 1059 330 1099 materia
351 1058 469 1111 partis
497 1056 548 1097 ad
575 1054 782 1096 materiam
808 1055 954 1102 totius,
985 1056 1026 1106 &
1055 1055 1201 1097 affioni
1228 1057 1337 1097 omni
1354 1055 1504 1097 reastio
1534 1061 1632 1112 (per

101 1121 236 1152 motus
253 1110 612 1164 Legem-tertiam)
642 1109 801 1163 aequalis
824 1109 894 1160 fit;
922 1109 1084 1150 Planeta
1112 1110 1151 1150 B
1176 1110 1216 1150 in
1246 1120 1375 1163 partes
1391 1123 1530 1153 omnes
1551 1114 1638 1154 Pla-

94 1175 207 1206 netae
225 1166 270 1205 A
289 1165 455 1206 vic-iffim
473 1162 705 1218 gravitabit,
721 1163 763 1203 &
782 1163 857 1204 erit
876 1164 1043 1216 gravitas
1062 1165 1127 1204 sua
1146 1165 1187 1205 in
1206 1173 1359 1217 partem
1381 1178 1637 1219 unamquam-

97 1231 180 1273 que
210 1219 259 1259 ad
288 1220 524 1271 gravitatem
551 1218 659 1259 suam
685 1217 728 1258 in
757 1226 910 1266 totum„
939 1227 982 1259 ut
1010 1218 1174 1260 materia
1199 1218 1322 1273 partis
1351 1219 1401 1260 ad
1431 1222 1637 1263 materiam

97 1273 236 1314 totius
268 1273 321 1331 Q.
347 1273 396 1313 E.
418 1274 479 1314 D„

154 1409 277 1450 Corol.
301 1422 332 1448 1.
358 1407 505 1449 Oritur
526 1406 652 1460 'igitur
680 1407 722 1447 δε
751 1407 1008 1460 componitur
1028 1409 1198 1461 gravitas
1214 1409 1255 1449 in
1274 1409 1479 1449 planetam
1500 1417 1632 1452 totum

93 1475 149 1503 ,ex
168 1460 360 1515 gravitate
379 1462 419 1502 in
438 1470 567 1515 partes
584 1461 760 1514 fingulas.
791 1460 915 1513 Cujus
934 1462 991 1501 rei
1021 1464 1203 1515 exempla
1221 1462 1411 1503 habemus
1428 1463 1469 1502 in
1488 1473 1634 1505 attrac-

98 1516 274 1556 tionibus
298 1515 542 1569 Magneticis
572 1516 613 1555 δε
641 1513 860 1556 Εὶεὲὶτίοἰε.
918 1515 1059 1557 Oritur
1088 1518 1195 1557 enim
1221 1515 1402 1556 attrafflo
1430 1517 1559 1557 omnis
1587 1519 1629 1560 in

97 1578 231 1611 totum
248 1583 300 1611 ex
317 1567 613 1610 attraffionibus
629 1569 670 1609 in
689 1579 818 1622 partes
836 1568 1015 1620 singulas.
1072 1570 1156 1610 Res
1180 1570 1424 1622 intelligetur
1442 1570 1483 1610 in
1503 1572 1630 1623 gravi-

91 1633 199 1671 tate,
227 1622 495 1677 concipiendo
515 1621 694 1662 Planetas
714 1622 844 1673 plures
864 1622 1038 1662 minores
1055 1622 1096 1663 in
1113 1635 1238 1663 unum
1255 1621 1437 1663 Globum
1457 1625 1630 1666 coire&

90 1676 299 1718 Planetam
332 1675 525 1728 majorem
550 1687 808 1728 componere.
864 1674 968 1716 Nam
995 1675 1052 1715 vis
1073 1677 1194 1717 totius
1216 1689 1269 1717 ex
1293 1676 1440 1716 viribus
1459 1679 1630 1730 partium

95 1730 426 1784 componentium
452 1728 548 1770 oriri
574 1727 750 1769 debebit.
806 1727 936 1782 Siquis
963 1728 1123 1782 objiciat
1142 1729 1255 1784 quod
1282 1742 1454 1783 corpora
1473 1736 1628 1782 omnia,

91 1797 186 1838 ,quae
221 1784 326 1836 apud
354 1797 427 1824 nos
451 1784 539 1823 sunt
549 1783 660 1830 ‚xhac
685 1783 772 1835 lege
798 1781 991 1834 gravitare
1011 1783 1205 1825 deberent
1226 1784 1266 1825 in
1285 1783 1324 1824 se
1343 1794 1506 1833 mutuo,
1534 1792 1629 1828 cum

93 1847 229 1878 tamen
249 1837 442 1890 ejusmodi
461 1836 628 1889 gravitas
647 1836 879 1887 neutiquam
898 1835 1105 1878 sentiatur:
1135 1837 1383 1891 Respondeo
1403 1839 1514 1892 quod
1537 1853 1625 1892 gra-

93 1891 193 1932 vitas
217 1891 258 1932 in
285 1891 370 1931 haec
395 1902 587 1943 corpora,
624 1902 719 1930 cum
743 1888 788 1929 fit
816 1889 866 1929 ad
897 1891 1132 1943 gravitatem
1157 1892 1199 1932 in
1226 1891 1400 1933 Terram
1430 1903 1555 1933 totam
1581 1905 1627 1935 ut

94 1944 183 2005 suut
202 1944 288 2038 heffi:
310 1957 481 1998 corpora
498 1942 548 1984 ad
566 1944 740 1986 Terram
759 1952 905 1992 totam,
932 1944 1052 1998 longe
1072 1946 1205 1988 minor
1222 1946 1278 1988 est
1296 1959 1414 2000 quam
1431 1959 1522 2001 quae
1540 1948 1626 1989 sen-=

93 2007 160 2041 11r1
181 2010 233 2052 po
284 2008 311 2038 t.

150 2120 271 2160 Corol.
290 2133 325 2160 2.
348 2117 578 2159 ‘Gravitatio
596 2119 638 2160 in
655 2119 821 2172 singulas
840 2119 1019 2174 corporis
1036 2122 1245 2174 particulas
1264 2121 1433 2175 aequales
1450 2120 1506 2162 est
1525 2122 1625 2162 reci-
1662 2122 1674 2132 '

89 2185 216 2225 proce
246 2182 289 2212 ut
323 2172 560 2226 quadratum
589 2173 784 2215 distantiae
802 2175 985 2216 locorum
1006 2176 1028 2216 a
1049 2177 1264 2230 particulis·
1317 2175 1433 2218 Patet
1452 2188 1523 2230 per
1541 2175 1625 2216 Co·
1643 2223 1646 2227 ,

74 2227 165 2288 ΙΪΟΙ.
187 2242 223 2276 3.
252 2226 372 2281 Prop.
394 2239 529 2268 Lxxw.
558 2226 651 2270 Lib.
669 2228 698 2270 I.
1652 2233 1654 2236 ’

953 2392 1056 2433 Aaa
1451 2392 1483 2435 P
1512 2391 1554 2434 R
1581 2381 1637 2443 O,
