2079 3033
396 159 472 208 366.
707 154 1199 204 PH1LosoP1-11AE
1247 132 1676 206 -NA-ruaffls·

201 253 386 286 mVMuunx
400 239 647 294 temporibus
666 238 772 289 fieri,
796 241 1041 294 jamdudum*
1055 243 1314 289 observarunt
1341 241 1410 283 alii
1424 257 1439 287 ς
1480 243 1521 284 ἅς
1543 245 1831 294 accuratissime
1849 249 1938 304 qui.

197 294 499 336 „Srsnmmadem
519 305 656 335 notare
676 294 769 335 licet
788 297 1053 350 aequalitatem
1074 306 1303 352 temporum
1331 297 1372 338 in
1392 294 1611 338 pendulis„
1657 296 1764 341 Rem
1791 303 1942 345 ten-tavi

403 351 448 392 in-
464 353 600 394 Auro,
631 349 840 401 Argento,
871 350 1225 400 Plumb03Vitr0,
1253 353 1408 396 Arena,
1431 350 1518 391 Sale
1536 353 1767 400 communi,
1782 352 1943 409 Ligno,

405 405 552 457 Aqua,
595 400 771 444 Tritico.
837 404 1131 459 Compar-abam
1161 406 1330 460 pyxides
1355 405 1457 445 duas
1493 406 1639 459 ligneas
1665 408 1864 450 *rotundas
1898 412 1943 452 ὅτ

401 456 583 511 aequales.
641 455 774 499 Unam
791 458 1004 512 implebam
1023 461 1160 514 Ligno
1177 490 1189 508 ‚
1234 461 1273 501 &
1302 459 1411 500 idem
1440 461 1542 501 Auri
1561 460 1718 514 pondus
1735 461 1947 516 suspende-

403 512 497 552 bam
527 518 671 565 (quam
692 514 807 565 potui
826 513 985 561 exafie)
1025 516 1068 556 -in
1095 514 1254 555 alterius
1281 523 1423 555 centro
1444 514 1708 569 'osci‘llationis.
1759 513 1947 572 Pyxides

403 565 451 606 ab
480 566 696 619 aequalibus
724 568 874 621 pedum
900 569 1091 611 undecim
1116 569 1188 609 filis
1213 569 1435 623 pendentes
1463 599 1497 616 ,a
1522 569 1816 620 constituebant
1839 571 1947 614 Pen-

394 620 516 667 ¹dula‚
547 621 682 674 quoad
703 624 862 675 pondus
885 657 893 671 ‚
932 624 1100 678 figuram
1122 652 1134 671 ,
1167 623 1206 663 &
1226 623 1326 663 aeris
1345 622 1603 678 resistentiam
1630 625 1798 678 omnino
1817 627 1945 679 paria:

338 675 339 678 ’
403 673 458 715 Et
483 675 641 728 paribus
669 676 977 720 oscillationibu's
997 706 1009 725 ,
1028 676 1307 731 ‘juxtaposaae
1326 706 1338 725 ,
1371 676 1481 718 ibant
1500 690 1577 719 una
1595 677 1637 719 &
1657 678 1839 720 redibant
1849 681 1951 722 ⁴diu--

407 727 565 769 tiffime.
624 729 803 772 Proinde
822 732 936 786 copia
956 732 1132 773 materiae
1162 732 1201 772 in
1226 733 1347 780 'Auro
1377 739 1471 784 (per
1491 732 1630 772 Corol.
1652 745 1682 773 1.
1705 733 1746 772 δε
1767 736 1802 773 6.
1819 733 1946 788 Prop.

405 796 524 824 XXtv.
554 783 645 824 Lib.
665 783 730 830 Il.)
759 796 845 826 erat
867 786 918 826 ad
946 787 1103 840 copiam
1131 785 1307 826 materiae
1344 785 1385 824 in
1414 785 1552 838 Ligno
1565 815 1581 837 t,
1618 795 1663 826 ut
1684 786 1949 830 vvismotricis

406 837 510 877 affin
528 839 570 887 in
587 848 720 884 totum
740 838 897 881 Aurum
920 840 970 880 ad
989 839 1165 892 ejusdem
1184 839 1380 879 astionem
1399 839 1440 879 in
1463 848 1597 879 totum
1624 839 1804 891 Lignum
1826 858 1837 886 ;
1861 842 1949 883 dioc

407 890 493 939 est,
530 902 574 932 ut
601 892 759 944 pondus
786 894 837 934 ad
870 894 1038 947 pondus.
1095 892 1228 933 Etlfic
1247 893 1295 932 in
1321 892 1489 932 caeteris.
1518 892 1562 932 ln
1587 893 1825 946 corporibus
1851 894 1951 947 ejus-

406 945 500 995 dem
519 947 709 999 ponderis
728 946 952 987 differentia
974 947 1155 987 materiaer
1174 964 1191 991 ‚*
1223 959 1315 1000 quae
1344 946 1407 985 vel
1430 946 1565 987 minor
1584 946 1689 987 :esset
1704 960 1841 1001 *quam
1856 961 1950 1002 -pars

405 1000 606 1040 millesima
633 1001 807 1041 materiae
837 1002 959 1042 totius
983 1030 996 1048 ‚
1044 1001 1103 1042 his
1127 1000 1414 1054 experimentis
1447 1000 1657 1042 manifesto
1691 1001 1950 1055 deprehendi

406 1054 550 1107 potuit.
602 1054 690 1106 Jam
711 1068 808 1095 vero
826 1066 1007 1098 naturam
1028 1055 1231 1109 gravitatis
1257 1055 1298 1095 in
1327 1055 1509 1096 Planetas
1526 1055 1704 1095 ‘eandem
1725 1055 1802 1096 effe
1825 1067 1948 1111 atque

407 1109 449 1147 in
467 1107 661 1155 Terram,
688 1122 771 1150 non
791 1109 848 1149 est
866 1109 1046 1150 dubium.
1102 1109 1260 1150 Elevari
1290 1109 1397 1149 enim
1430 1109 1829 1163 fingantur-corpora
1857 1111 1945 1152 haec

408 1160 632 1202 Terrestria
650 1162 700 1202 ad
733 1165 857 1218 usque
885 1164 1040 1204 Orbem
1066 1163 1228 1210 Lunae,
1265 1162 1534 1205 &unacum
1558 1162 1679 1207 ‚Luna
1699 1173 1814 1204 motu
1828 1166 1947 1206 omni

405 1215 557 1268 privata
571 1214 755 1264 demitti,
782 1228 827 1258 ut
847 1218 888 1258 in
906 1216 1080 1259 Terram
1099 1218 1210 1258 sim—‘ul
1228 1216 1374 1257 cadant
1394 1234 1405 1262 ς
1438 1217 1479 1256 &
1499 1229 1571 1269 per
1586 1218 1666 1271 jam
1686 1227 1777 1257 ante
1790 1217 1947 1260 ostensa

407 1275 564 1310 certum
598 1270 653 1311 est
692 1271 803 1325 quod
833 1272 1080 1326 temporibus
1112 1271 1327 1325 aequali'bus
1360 1270 1585 1311 describent
1621 1271 1787 1323 aequalia
1827 1272 1948 1325 spatia

404 1336 498 1363 cum
520 1324 659 1372 Luna,
687 1325 871 1379 adeoque
891 1326 1001 1379 quod
1022 1327 1109 1366 sunt
1128 1326 1178 1366 ad
1196 1324 1461 1379 quantitatem
1479 1324 1655 1368 materiae
1674 1325 1713 1364 in
1733 1325 1874 1371 Luna,
1901 1337 1945 1367 ut

404 1377 584 1430 pondera
621 1379 685 1419 sua
723 1380 771 1419 ad
818 1379 933 1433 ipfius
980 1380 1150 1434 pondus.
1215 1379 1344 1419 Porro
1381 1379 1573 1432 quoniam
1610 1379 1804 1420 Satellites
1827 1380 1945 1433 ‘Jovis

403 1432 652 1484 temporibus
673 1433 932 1475 revolvuntur
967 1447 1057 1488 quae
1084 1434 1173 1475 sunt
1201 1433 1243 1474 in
1271 1432 1427 1473 ratione
1455 1432 1723 1487 sesquiplicata
1748 1433 1947 1475 distantia-

403 1498 492 1526 rum
523 1487 544 1526 a
574 1497 714 1528 centro
737 1487 849 1540 Jovis
867 1518 878 1536 ,
925 1498 1044 1529 erunt
1073 1501 1214 1529 eorum
1245 1488 1456 1540 gravitates
1486 1487 1782 1528 acceleratrices
1811 1488 1853 1529 in
1874 1488 1947 1541 Jo-

403 1552 497 1580 vem
527 1541 734 1594 reciproce
760 1551 804 1583 ut
829 1543 1021 1597 quadrata
1048 1542 1318 1583 distantiarum
1352 1542 1375 1581 a
1404 1552 1546 1582 centro
1568 1540 1680 1594 Jovis
1703 1558 1713 1587 ;
1754 1542 1796 1582 δε
1819 1555 1962 1597 ι,Ριτορῃ

406 1604 514 1634 terea
543 1595 583 1635 in
614 1596 828 1649 aequalibus
849 1612 869 1638 a
891 1596 993 1649 ,jove
1014 1597 1225 1643 distantiis,
1256 1607 1397 1636 eorum
1418 1596 1628 1648 gravitates
1645 1596 1964 1639 acceleratricesv

407 1649 623 1689 evaderent
660 1651 839 1702 aequales.
907 1650 1083 1690 Proinde
1119 1649 1365 1701 temporibus
1407 1648 1622 1699 aequalibus
1651 1648 1701 1687 ab
1729 1650 1945 1702 aequalibus

407 1702 678 1744 altitudinibus
702 1704 886 1744 cadendo
906 1732 918 1749 ‚
955 1703 1229 1743 describerent
1256 1701 1417 1755 aequalia
1444 1701 1562 1754 spatia
1584 1718 1593 1746 ;
1631 1701 1799 1754 perinde
1826 1712 1870 1744 ut
1898 1704 1945 1745 fit

405 1757 446 1796 in
471 1756 653 1809 gravibus
671 1786 683 1804 ‚
718 1757 759 1797 in
788 1757 860 1797 hac
888 1757 1019 1796 Terra
1037 1755 1179 1797 nostra.
1234 1754 1288 1795 Et
1316 1754 1464 1795 eodem
1500 1764 1738 1807 argumento
1768 1757 1943 1800 Planetae

404 1809 701 1851 circumsolares
729 1810 777 1850 ab
807 1810 1021 1864 aequalibus
1051 1811 1073 1849 a
1101 1810 1194 1850 Sole
1223 1808 1413 1848 distantiis
1442 1807 1595 1848 demiffi
1616 1837 1627 1854 ‚
1655 1809 1844 1850 descensu
1872 1812 1944 1852 suo

404 1863 447 1903 in
464 1864 599 1904 Solem
614 1865 831 1916 ‘aequalibus
861 1863 1108 1916 temporibus
1135 1863 1298 1918 aequalia
1326 1861 1446 1913 spatia
1482 1862 1765 1905 describerent.
1823 1863 1944 1906 Vires

405 1929 539 1958 autem
557 1947 568 1964 ,
605 1919 749 1971 quibus
777 1930 947 1971 corpora
977 1917 1185 1972 inaequalia
1213 1915 1417 1969 aequaliter
1442 1916 1713 1957 accelerantur
1737 1945 1749 1963 ‚
1784 1917 1871 1958 sunt
1898 1929 1943 1959 ut

403 1984 606 2024 corpora;
653 1972 731 2013 hoc
767 1971 853 2023 est,
899 1971 1079 2025 pondera
1116 1980 1161 2013 ut
1197 1970 1437 2024 quantitates
1477 1970 1654 2011 materiae
1683 1970 1725 2010 in
1755 1971 1941 2014 Planetis.

406 2027 533 2066 Porro
562 2026 673 2078 Jovis
712 2026 754 2067 δε
790 2026 873 2078 ejus
910 2025 1131 2067 Satellitum
1171 2023 1350 2079 pondera
1385 2024 1429 2064 in·
1463 2023 1598 2064 Solem
1627 2027 1941 2078 proportionalia

398 2078 481 2123 ,esse
497 2080 781 2133 quantitatibus
806 2081 985 2121 materiae
1012 2093 1153 2121 eorum
1171 2109 1182 2127 ,
1221 2087 1339 2131 patet
1355 2091 1407 2118 ex
1433 2087 1549 2118 motu
1574 2078 1796 2120 Satellitum
1822 2093 1941 2134 quam

407 2134 581 2174 maxime
616 2135 818 2187 regulari;
864 2146 937 2187 per
966 2134 1105 2176 Corol.
1137 2148 1174 2182 3.
1209 2133 1329 2185 Prop.
1356 2145 1447 2172 LXV.
1477 2132 1569 2172 Lib.
1596 2133 1621 2172 Ι.
1678 2133 1783 2174 Nam
1811 2134 1839 2174 fi
1865 2134 1942 2174 ho-

405 2199 496 2227 rum
534 2188 653 2241 aliqui
688 2189 812 2241 magis
849 2187 1099 2229 traherentur
1135 2188 1176 2228 in
1209 2187 1387 2241 Solem,¹
1416 2198 1490 2239 pro
1517 2187 1739 2240 quantitate
1766 2189 1942 2230 materiae

405 2240 482 2280 suae
506 2270 519 2288 ,
556 2254 675 2294 quam
701 2242 866 2282 caeteri:
908 2253 1040 2283 motus
1078 2242 1301 2283 Satellitum
1341 2249 1438 2293 (per
1466 2240 1605 2281 Corol.
1624 2255 1661 2281 2.
1701 2241 1821 2294 Prop.
1848 2255 1941 2289 va.

402 2294 496 2335 Lib.
523 2295 572 2342 Ι.)
613 2309 665 2335 ex
699 2296 965 2351 inaequalitate
1002 2295 1246 2338 attrafflonis
1287 2293 1627 2347 perturbarentur.
1683 2295 1723 2335 Si
1763 2295 1941 2349 (paribus

402 2351 429 2398 a
457 2348 550 2397 Sole
587 2349 799 2397 distantiis)
830 2351 994 2392 Satelles
1020 2351 1158 2405 aliquis
1179 2348 1338 2404 gravior
1365 2347 1460 2389 ess'et
1482 2348 1526 2389 ‹in
1552 2348 1687 2391 Solem
1714 2361 1788 2403 pro
1817 2361 1942 2409 quan-

1828 2411 1941 2444 titate
