2079 3033
464 114 813 192 PRtNCIPIA
840 145 1397 193 MATHEMATIGA.
1612 163 1686 202 347

142 229 307 272 rionurn
326 239 508 285 tempora
527 240 571 272 ut
597 230 773 283 ipsorum
799 229 1080 273 semidiametri
1103 261 1114 280 ‚
1151 231 1192 272 &
1212 229 1440 284 perseveret
1457 227 1571 271 fluidi
1592 243 1680 283 pars
1702 226 1872 297 ξεῐςξὲῑυς.

149 295 402 339 unaquaeque
425 286 467 326 in
483 295 598 327 motu
616 285 717 331 su03
748 294 864 325 erunt
883 286 1057 338 partium
1085 286 1323 339 singularum
1347 293 1529 339 tempora
1549 287 1682 338 perio-
1787 280 1824 297 ’ω
1863 288 1869 297 ’

111 378 115 381 t
140 336 238 378 >dica
256 350 298 379 ut
316 337 487 393 ipsarum
506 339 699 380 distantiae
717 337 765 378 ab
785 338 1168 392 axe=cylindrorum

204 392 326 434 Corol.
346 408 379 442 3.
409 394 451 434 Si
470 393 652 447 cylindro
672 392 712 431 ἃ
731 391 862 433 fluido
888 393 937 433 ad
964 394 1073 435 hunc
1100 394 1269 435 modum
1288 394 1406 434 motis
1428 394 1597 436 addatur
1616 395 1680 437 vel

142 445 346 488 *auferatur
373 448 597 489 communis
624 445 793 499 quilibet
821 457 953 488 motus
979 448 1170 501 angularis
1192 467 1202 494 ;
1249 448 1439 502 quoniam
1466 449 1543 490 hoc
1570 462 1679 491 novo

140 510 259 541 motu
278 514 359 542 non
375 511 550 542 mutatur
567 500 725 541 attritus
745 511 904 541 mutuus
931 504 1102 554 partium
1129 501 1273 549 fluidi,
1312 514 1393 543 non
1415 504 1676 544 mutabuntur

141 564 276 596 motus
296 556 467 608 partium
487 555 591 596 inter
609 555 658 595 se.
713 553 818 595 Nam
839 556 1113 597 transsationes
1131 556 1304 610 partium
1321 555 1369 595 ab
1385 558 1560 598 invicem
1577 570 1675 611 pen-

142 606 240 649 dent
257 608 305 648 ab
323 609 471 649 attritu.
529 608 622 648 Pars
642 607 830 661 quaelibet
849 609 890 647 in
911 623 962 648 eo
980 611 1244 663 perseverabit
1267 619 1382 649 motu
1399 640 1411 658 ‚
1440 612 1509 665 qui
1527 641 1538 659 ‚
1564 614 1676 653 attri-

136 668 184 701 tu
203 662 390 755 utginque
407 663 450 703 in
468 661 685 703 contrarias
701 669 832 713 partes
858 660 965 703 facto
982 691 995 710 ,
1029 677 1112 705 non
1139 664 1264 718 magis
1291 667 1533 708 acceleratur
1552 679 1674 723 quam

132 723 237 757 retar
268 725 368 756 atur.

191 769 315 810 Corol.
334 785 371 822 4.
405 770 528 812 Unde
556 769 585 810 fi
609 770 686 811 toti
715 769 993 824 cylindrorum
1020 770 1063 810 &
1093 771 1211 812 fluidi
1237 772 1446 826 Syssemati
1472 775 1672 817 auferatur

133 833 267 864 motus
287 825 415 866 omnis
432 823 627 878 angularis
647 825 816 880 cylindri
834 824 1045 867 exterioris
1065 856 1074 872 ,
1111 825 1322 868 habebitur
1343 839 1476 869 motus
1496 827 1610 870 fluidi
1630 831 1673 871 in

132 877 317 929 cylindro
334 881 576 933 quiescente.

186 931 309 973 Corol.
330 947 364 983 5.
394 934 518 987 Igitur
537 932 564 974 fi
585 932 715 974 fluido
742 932 785 973 <Sc
802 932 988 986 cylindro
1012 935 1216 976 exteriore
1245 936 1540 989 quiescentibus
1561 964 1572 983 ,
1607 951 1671 978 re-

133 985 316 1027 volvatur
332 989 533 1043 cylindrus
554 987 721 1028 interior
740 986 993 1028 uniformiter
1014 1005 1025 1034 ς
1056 991 1419 1031 communicabitur
1437 1001 1571 1032 motus
1591 993 1668 1032 cir-

129 1039 271 1080 cularis
288 1039 492 1089 fluido‚&
511 1041 698 1096 paulatim
715 1054 785 1094 per
804 1051 936 1089 totum
954 1041 1125 1083 fluidum
1144 1045 1429 1098 propagabitur
1441 1063 1451 1091 ;
1464 1058 1540 1086 nec
1561 1046 1668 1098 prius

130 1091 282 1134 desinet
305 1096 440 1149 augeri
458 1108 578 1148 quam
598 1094 714 1135 fluidi
740 1104 872 1149 partes
899 1094 1059 1149 singulae
1087 1108 1248 1139 motum
1276 1099 1503 1141 Corollario
1522 1110 1668 1154 quarto

125 1144 344 1190 definitum
360 1149 580 1204 acquirant.

182 1200 304 1242 Corol.
325 1207 360 1243 6.
389 1202 443 1244 Et
462 1203 653 1258 quoniam
670 1203 844 1248 fluidum
871 1214 1041 1246 conatur
1068 1215 1226 1248 motum
1255 1207 1367 1249 suum
1395 1207 1526 1249 adhuc
1551 1209 1667 1250 latius

126 1264 347 1307 propagare
368 1287 378 1304 ,
413 1257 527 1310 hujus
544 1258 699 1311 impetu
719 1259 1013 1312 circumagetur
1033 1261 1154 1301 etiam
1181 1262 1383 1315 cylindrus
1401 1263 1577 1304 exterior
1594 1264 1665 1304 nisi

125 1307 323 1351 violenter
342 1311 552 1358 detentus;
581 1312 622 1351 &
643 1312 926 1353 accelerabitur
947 1312 1029 1365 ejus
1052 1324 1186 1355 motus
1205 1316 1340 1368 quoad
1360 1317 1483 1369 usque
1503 1326 1662 1369 tempo-

122 1373 166 1401 ra
186 1363 391 1414 periodica
409 1366 579 1418 cylindri
599 1365 804 1419 utriusque
825 1376 1034 1419 aequentur
1053 1368 1157 1409 inter
1177 1368 1226 1409 se.
1265 1371 1391 1423 Quod
1412 1370 1440 1410 fi
1457 1370 1661 1424 cylindrus

117 1417 299 1458 exterior
318 1419 515 1460 violenter
533 1420 759 1460 detineatur
779 1447 792 1466 ,
827 1418 1038 1461 conabitur
1066 1421 1097 1461 is
1125 1432 1283 1463 motum
1299 1423 1416 1463 fluidi
1433 1424 1658 1470 retardare;

122 1468 164 1508 δε
183 1470 254 1511 nifi
273 1474 475 1526 cylindrus
492 1474 659 1515 interior
678 1473 719 1513 vi
735 1474 862 1528 aliqua
888 1475 1131 1517 extrinsecus
1160 1476 1343 1530 impressa
1369 1486 1527 1520 motum
1545 1477 1657 1519 illum

120 1524 350 1573 conservet.
381 1527 534 1579 efficiet
551 1538 596 1569 ut
615 1528 724 1568 idem
742 1527 931 1581 paulatim
949 1528 1081 1569 ceffet,
1638 1550 1647 1554 -

169 1576 278 1633 Quae
298 1584 432 1623 omnia
448 1583 490 1623 in
507 1584 628 1635 Aqua
644 1582 846 1634 profunda
863 1580 1065 1632 stagnante
1082 1584 1256 1637 experiri
1273 1585 1381 1626 licet.

331 1701 750 1746 PROPOSITIO
778 1700 863 1744 LII.
893 1702 1309 1746 THEOREMA
1336 1707 1432 1748 XL.

113 1809 151 1859 S
147 1810 171 1858 ἶ
187 1809 225 1860 S
213 1811 375 1879 phaera
386 1811 537 1869 solida·
554 1851 568 1871 ,
607 1811 655 1861 in
679 1811 832 1861 Flm'do
854 1813 1068 1876 uniformi
1097 1812 1158 1864 ἔθ’
1190 1813 1368 1877 infinito
1392 1855 1406 1877 ,
1446 1816 1568 1868 circa
1592 1839 1646 1868 a·

180 1898 282 1942 ocem
305 1880 516 1946 posttione
547 1879 704 1929 datum
734 1880 948 1943 uniformi
980 1900 1078 1929 cum
1110 1897 1228 1931 motu
1248 1884 1507 1933 revolvatur
1526 1928 1540 1948 ,
1581 1888 1643 1939 ἐφ’

179 1947 237 1995 ab
255 1949 382 2012 hujus
403 1948 593 2013 impulsu
604 1949 696 2009 solo
717 1963 880 2014 agatur
901 1948 1107 1998 Fluidum
1131 1952 1178 2000 in
1200 1952 1347 2002 orbem
1359 1979 1373 2015 ,·
1381 1961 1641 2021 perseveret

181 2029 332 2064 autem
356 2015 504 2064 Fluicli
520 2031 634 2084 pars
655 2036 934 2085 unaquaeque
954 2019 1237 2083 uniformiter
1249 2023 1296 2070 in
1306 2036 1426 2069 motu
1431 2024 1508 2086 suo
1520 2043 1533 2072 :
1544 2025 1641 2074 dico

183 2086 306 2150 quod
316 2095 517 2152 tempora
535 2087 768 2152 periodica
782 2089 991 2155 partium
1012 2087 1159 2139 Fluidi
1189 2103 1318 2141 erunt
1340 2106 1388 2140 ut
1411 2093 1642 2159 quadrata

179 2153 496 2217 distantiarum
517 2155 547 2202 a}
571 2170 716 2205 centro
736 2155 774 2205 S
760 2157 946 2224 phaerae.

165 2275 255 2326 Cas
278 2289 310 2316 1.
351 2274 409 2315 Sit
447 2275 588 2317 AFL
623 2277 784 2330 Sphaera
813 2280 1067 2323 uniformiter
1095 2283 1199 2324 circa
1228 2294 1344 2327 axem
1372 2285 1406 2326 S
1433 2284 1472 2326 in
1502 2286 1644 2328 orbem

109 2328 212 2378 aeia,
242 2329 282 2370 &
301 2329 456 2372 circulis
477 2333 825 2430 concentricisXB}1
824 2333 932 2426 GzM
946 2364 959 2384 ‚
985 2336 1020 2379 C
1024 2336 1076 2379 H
1078 2337 1131 2380 N
1140 2367 1155 2388 ,
1185 2338 1338 2390 Dm,
1367 2340 1410 2382 E
1417 2341 1462 2383 K
1469 2341 1551 2435 Pe}i
1554 2339 1647 2435 ἓξὲ-
