2079 3033
380 168 384 176 ¹
413 185 492 225 354
719 157 1644 211 PHILOSOPHIAE'NATURALIS
1691 180 1700 188 *

222 256 269 285 DE
285 254 404 286 M0'r1’
421 263 582 302 contra,
609 252 638 294 fi
655 249 838 293 Vorticis
855 260 942 303 pars
962 248 1171 301 congelata
1190 248 1230 287 &
1250 246 1373 287 solida
1391 245 1566 299 ejusdem
1586 245 1630 286 fit
1650 246 1849 291 densitatis
1871 264 1965 293 cum

220 294 579 364 “⁰⁸⁹⁰¹“'¹'¹²reliquo
597 305 770 348 Vortice
787 334 798 352 ,
835 305 876 344 &
897 303 1116 344 resolvatur
1134 303 1176 343 in
1212 301 1383 342 fluidum
1407 319 1416 346 ;
1458 300 1688 341 movebitur
1709 302 1796 343 haec
1818 309 1966 348 eadem

422 364 513 418 lege
540 375 586 403 ac
611 360 719 415 prius
737 389 748 407 ,
785 358 856 400 nisi
882 368 1078 411 quatenus
1102 356 1218 410 ipfius
1244 356 1447 410 particulae
1471 355 1552 408 jam
1582 353 1719 395 fluidae
1749 356 1859 399 faetae
1880 374 1967 401 mo-

420 426 589 459 veantur
620 417 724 457 inter
762 413 813 454 se.
869 412 1107 467 Negligatur
1133 411 1255 464 igitur
1284 421 1418 451 motus
1448 410 1731 463 particularum
1768 411 1873 452 inter
1904 416 1966 464 se,

422 483 611 526 tanquam
630 469 680 510 ad
699 469 823 510 totius
848 476 1005 509 motum
1023 465 1314 521 progreflivum
1334 466 1388 505 nil
1405 465 1577 516 speri-ans
1591 493 1602 511 ‚
1632 466 1672 504 <32
1692 476 1827 506 motus
1844 470 1966 511 totius

419 526 531 566 idem
550 526 626 566 erit
644 538 689 565 ac
710 524 833 578 prius.
889 521 1033 562 Motus
1054 530 1186 562 autern
1205 519 1314 560 idem
1334 521 1409 560 erit
1429 532 1520 559 Cum
1541 528 1657 559 motu
1678 519 1841 561 aliarum
1859 520 1968 563 Vor-

422 580 513 621 ticis
533 580 707 634 partium
725 592 744 618 a
765 586 908 619 centro
934 576 1138 631 aequaliter
1157 574 1386 615 distantium
1400 602 1409 620 ‚
1430 582 1644 627 propterea
1662 576 1775 626 quod
1795 575 1967 618 solidum

421 635 462 675 in
482 633 673 675 Fluidum
702 633 922 674 resolutum
952 631 995 672 fit
1025 643 1111 684 pars
1143 628 1322 671 vorticis
1350 632 1507 668 caeteris
1536 627 1713 680 partibus
1742 629 1971 673 consimilis.

419 687 534 742 Ergo
552 689 746 735 solidum,
765 687 792 728 fi
813 686 858 728 fit
882 685 1058 739 ejusdem
1079 683 1282 724 denlitatis
1302 695 1395 723 cum
1413 683 1575 722 materia
1595 681 1798 730 vorticis,
1820 685 1968 727 eodem

419 753 535 784 motu
553 756 647 784 cum
666 741 781 796 ipsius
801 740 976 795 partibus
996 738 1225 780 movebitur
1245 766 1257 784 ,
1298 737 1338 778 in
1365 738 1526 778 materia
1555 736 1739 790 proxime
1766 739 1968 781 ambiente

419 798 583 839 relative
600 796 819 851 quiescens,
877 794 946 835 Sin
965 793 1121 834 dentius
1143 792 1186 832 fit
1208 821 1218 839 ,
1252 791 1333 844 jam
1363 792 1487 843 magis
1506 791 1716 830 conabitur
1735 793 1926 835 recedere
1945 808 1967 834 a

420 861 566 892 centro
584 850 764 893 Vorticis
782 862 901 904 quam
924 849 1030 901 prius
1052 867 1062 894 ;
1093 846 1278 899 adeoque
1298 844 1476 885 Vorticis
1494 845 1575 883 vim
1596 843 1700 884 illam
1720 873 1732 890 ,
1760 858 1839 898 qua
1860 849 1967 897 prius

418 906 461 946 in
478 905 623 946 Orbita
641 905 705 945 sua
724 914 913 956 tanquam
930 902 972 941 in
992 900 1216 954 aequilibrio
1236 898 1496 938 constitutum
1516 896 1784 946 retinebatur,
1804 900 1882 951 jam
1906 901 1967 942 su-

418 972 583 1014 perans,
603 958 768 999 recedet
792 969 814 995 a
831 964 975 995 centro
996 954 1035 993 δε
1056 952 1308 994 revolvendo
1327 951 1525 993 deici-ibet
1545 952 1760 1005 Spu-alem,
1779 966 1864 995 non
1885 968 1968 996 am-

417 1014 519 1068 plius
537 1014 577 1054 in
596 1010 771 1053 eundem
789 1008 943 1050 Orbem
965 1007 1135 1049 rediens.
1193 1006 1246 1048 Et
1272 1006 1419 1047 eodem
1451 1016 1692 1060 argumento
1715 1006 1742 1047 fi
1762 1009 1884 1049 rarius
1904 1010 1971 1057 fit,

420 1067 587 1109 accedet
608 1065 658 1106 ad
675 1074 873 1105 centrum.
932 1063 1055 1116 Igitur
1075 1075 1159 1104 non
1185 1060 1334 1102 redibit
1363 1061 1404 1102 in
1441 1061 1616 1103 eundem
1644 1060 1800 1102 Orbem
1821 1063 1889 1104 nifi
1921 1063 1968 1104 fit

419 1122 596 1174 ejusdem
614 1119 816 1161 denfitatis
834 1130 927 1159 eum
948 1116 1091 1157 fluido,
1129 1115 1193 1157 Eo
1214 1126 1348 1155 autem
1366 1115 1407 1155 in
1427 1116 1519 1156 casu
1538 1115 1736 1156 ostensum
1756 1115 1834 1162 est,
1854 1119 1967 1172 quod

421 1176 700 1216 revolveretur
717 1172 857 1213 eadem
887 1174 975 1225 lege
994 1184 1088 1212 cum
1108 1170 1283 1225 partibus
1300 1167 1416 1210 fluidi
1436 1183 1457 1210 a
1476 1178 1620 1211 centro
1638 1169 1817 1211 Vorticis
1836 1184 1967 1227 aequa-

421 1229 513 1271 liter
531 1227 773 1270 distantibus.
802 1223 856 1285 Q
883 1225 936 1266 E.
967 1227 1028 1266 D.

479 1338 602 1379 Corol.
624 1351 655 1378 1.
683 1335 796 1389 Ergo
816 1334 986 1375 solidum
1016 1332 1128 1387 quod
1155 1334 1196 1374 in
1224 1331 1396 1374 Vortice
1424 1331 1643 1373 revolvitur
1668 1333 1709 1374 &
1728 1333 1770 1376 in
1790 1334 1968 1377 eundem

421 1391 576 1433 Orbem
596 1391 749 1443 semper
769 1389 893 1434 redit,
927 1389 1088 1429 relative
1107 1387 1274 1442 quiescit
1293 1388 1334 1427 in
1354 1386 1485 1428 fluido
1505 1386 1570 1427 cui
1589 1388 1753 1429 innatat.
1835 1429 1841 1435 χ

479 1446 601 1487 Corol.
619 1459 655 1485 2.
684 1444 738 1485 Et
759 1443 786 1484 fi
803 1443 963 1484 Vortex
984 1442 1028 1482 fit
1046 1442 1180 1496 quoad
1193 1441 1428 1483 densitatem
1446 1441 1832 1498 uniformis,corpus
1853 1444 1964 1487 idem

422 1499 473 1541 ad
493 1498 710 1554 quamlibet
730 1512 750 1539 a
773 1509 915 1539 centro
933 1496 1113 1540 Vorticis
1132 1496 1354 1537 distantiam
1376 1496 1529 1538 revolvi
1546 1497 1687 1550 potest„

1084 1604 1291 1644 scholium.

472 1714 587 1756 Hinc
613 1713 737 1766 liquet
765 1711 947 1752 Planetas
974 1722 996 1748 a
1022 1706 1257 1749 Vorticibus
1286 1709 1494 1761 corporeis
1523 1720 1605 1748 non
1636 1708 1796 1750 deferri.
1853 1711 1960 1753 Nam

417 1770 593 1811 Planetae
619 1765 838 1820 secundum
867 1759 1122 1817 l-lypothesin
1151 1761 1431 1814 Capernicaeam
1462 1762 1566 1801 circa
1596 1763 1729 1803 Solem
1756 1763 1875 1805 delati
1895 1780 1958 1806 re-

420 1824 635 1866 volvuntur
655 1821 696 1861 in
720 1818 926 1872 Ellipfibus
949 1814 1180 1857 umbilicum
1201 1814 1434 1855 habentibus
1464 1815 1502 1854 in
1532 1815 1624 1855 Sole
1644 1845 1656 1859 ..
1694 1817 1733 1856 &
1756 1818 1875 1858 radiis
1904 1821 1956 1861 ad

416 1878 553 1919 Solem
582 1873 710 1915 datiis
739 1886 846 1914 areas
874 1871 1098 1910 describunt
1126 1868 1373 1922 temporibus
1401 1870 1732 1921 proportionales.
1788 1873 1960 1925 Atpar-

416 1943 477 1973 tes
496 1930 676 1971 Vorticis
696 1927 762 1968 tali
784 1936 896 1967 motu
918 1923 1068 1965 revolvi
1091 1933 1306 1977 nequeunt.
1368 1923 1584 1976 Designent
1613 1923 1960 1974 AQBEssF,

418 1985 548 2027 Orbes
567 1994 646 2023 tres
663 1983 767 2022 circa
788 1981 921 2022 Solem
954 1978 985 2018 S
1011 1977 1255 2031 descriptos,
1284 1990 1457 2031 quorum
1477 1978 1648 2017 extimus
1679 1978 1761 2018 CF
1784 1980 1955 2021 circulus

420 2040 465 2081 fit
484 2040 566 2080 Soli
584 2037 865 2078 concentricus
883 2063 893 2080 ‚
932 2033 972 2073 δε
993 2032 1231 2073 interiorum
1251 2032 1424 2072 duorum
1458 2032 1625 2084 Aphelia
1647 2031 1718 2072 fint
1748 2035 1819 2081 A,
1849 2035 1887 2073 Β
1914 2037 1955 2074 δε

419 2092 615 2135 Peribelia
645 2092 716 2138 D,
747 2090 799 2130 E.
845 2088 958 2141 Ergo
982 2099 1127 2140 corpus
1146 2085 1257 2141 quod
1275 2087 1493 2126 revolvitur
1513 2086 1552 2125 in
1574 2086 1683 2126 Orbe
1714 2087 1813 2136 CF,
1842 2088 1956 2129 radio

422 2148 473 2188 ad
497 2148 630 2188 Solem
651 2144 774 2186 durio
794 2157 900 2184 areas
921 2141 1168 2194 temporibus
1192 2140 1509 2193 proportionales
1538 2140 1804 2181 deieribendo
1824 2174 1834 2189 ‚
1873 2156 1957 2182 mo·

418 2201 575 2242 ‘vebitur
612 2198 803 2239 uniformi
839 2210 931 2237 cum
968 2207 1095 2236 motu.
1152 2194 1311 2247 Corpus
1348 2203 1481 2234 autem
1519 2195 1629 2247 quod
1669 2197 1888 2237 revolvitur
1916 2197 1957 2237 in

421 2255 534 2295 Orbe
565 2254 676 2300 BE,
707 2252 855 2292 tardius
874 2250 1101 2291 movebitur
1119 2249 1160 2289 in
1189 2248 1365 2301 Aphelio
1397 2248 1435 2287 B
1463 2248 1503 2287 δε
1533 2249 1708 2289 velocius
1738 2252 1778 2291 iu
1798 2250 1958 2291 Perihe-

420 2310 475 2350 tio
505 2309 567 2356 E,
607 2307 825 2348 seeundum
856 2307 960 2358 leges
988 2304 1319 2351 Astronomicas;
1364 2315 1456 2342 cum
1488 2312 1620 2342 tamen
1648 2302 1867 2344 secundum
1901 2305 1956 2344 le-

419 2377 488 2419 ges
506 2362 771 2407 Meehanicas
791 2360 955 2402 materia
984 2358 1163 2402 vorticis
1191 2359 1232 2399 in
1257 2356 1382 2411 spatio
1410 2356 1635 2410 angustiore
1652 2357 1757 2400 inter
1784 2358 1829 2398 A
1853 2359 1895 2398 &
1925 2358 1964 2399 G

1783 2411 1961 2454 velocius
