2079 3033
388 172 466 221 364
655 160 1148 208 PHILOSOPHIAE
1183 159 1616 204 NATURALIS‘

198 259 252 292 DE
276 261 395 291 Μωωι
418 253 570 294 chonem
600 254 675 301 56}-
733 249 823 291 Ast·
842 247 965 301 Tycha
984 278 995 296 ,
1041 248 1082 288 ὅτ
1111 256 1315 301 quotquot
1344 247 1427 300 ejus
1457 246 1636 287 Tabulas
1664 247 1946 295 refraffionum

199 299 653 361 SYSTEMATE’sequuntun
682 303 965 344 constituendo
983 301 1238 343 refraffiones
1266 302 1365 342 Solis
1394 301 1434 341 δε
1464 300 1594 340 Lunae
1625 302 1641 352 (
1652 302 1818 344 omnino
1847 320 1949 354 con-

412 371 472 402 tra
492 371 672 401 naturam
693 358 845 405 Lucis)
875 356 1041 409 majores
1070 368 1191 410 quam
1218 354 1405 395 Fixarum
1425 383 1436 401 ,
1472 354 1594 407 idque
1621 355 1809 407 scrupulis
1838 361 1946 410 quafi

411 425 583 468 quatuor
601 414 662 453 vel
681 412 858 465 quinque
877 440 889 457 ‚
917 420 1112 451 auxerunt
1138 409 1350 462 parallaxin
1376 410 1505 448 Lunae
1531 408 1721 460 scrupulis
1749 412 1917 455 totidem
1934 446 1948 465 ,

409 468 489 508 hoc
515 468 570 507 est
588 495 599 513 ,
643 466 749 520 quasi
779 464 1023 505 duodecima
1050 465 1113 504 vel
1141 463 1298 503 decima
1325 463 1464 516 quinta
1490 473 1602 514 parte
1636 463 1759 503 totius
1786 469 1945 517 paralla-

404 533 513 562 xeos.
571 520 810 573 Cori-igatur
840 518 909 559 iste
941 530 1053 558 error
1074 547 1085 565 ‚
1124 516 1166 556 &
1202 516 1380 557 distantia
1418 516 1562 555 evadet
1599 515 1707 569 quasi
1737 520 1805 571 50}
1831 519 1944 562 semi-

404 574 694 615 diametrorum
727 572 972 614 terrestrium
992 601 1003 619 ,
1042 573 1125 612 fere
1144 581 1188 611 ut
1207 571 1254 610 ab
1276 570 1356 610 aliis
1376 568 1611 622 affignatum
1632 569 1699 610 est.
1758 572 1940 616 Affuma..

403 640 492 668 mus
518 628 740 668 distantiam
768 627 1018 667 mediocrem
1043 625 1244 677 sexaginta
1271 624 1659 664 semidiametrorum
1683 641 1693 669 ;
1734 625 1775 665 (ἵε
1805 626 1944 669 Luna-

403 695 489 722 rem
518 682 731 735 periodum
760 680 938 734 respe&u
968 679 1155 720 Fixarum
1183 678 1376 730 compleri
1404 677 1543 717 diebus
1564 691 1638 726 27,
1666 678 1774 718 horis
1795 694 1838 728 7,
1870 684 1944 724 mi-

403 736 510 776 nutis
530 736 666 788 primis
686 750 730 784 43
748 764 758 781 ,
788 745 829 774 ut
852 735 899 774 ab
919 732 1169 774 Astronomis
1196 731 1375 771 statuitur
1397 748 1407 776 ;
1447 742 1567 784 atque
1586 730 1779 776 ambitum
1799 733 1944 778 Terrae

403 789 481 829 elie
503 790 653 842 pedum
676 787 948 828 Par-iliensium
971 801 1015 825 12
1023 789 1204 838 3249600
1228 814 1239 831 ,
1271 785 1328 824 uti
1348 797 1368 823 a
1390 784 1524 823 Gallis
1538 784 1853 829 mensurantibus
1871 790 1944 832 de..

403 842 562 883 finitum
587 843 641 883 est
662 856 670 881 :
711 842 764 882 Et
793 841 819 881 s1
846 841 963 881 Luna
989 850 1104 880 motu
1125 838 1244 878 omni
1270 838 1416 890 privari
1439 837 1610 889 fingatur
1630 851 1675 877 ac
1695 838 1844 881 dimitti
1870 855 1913 884 ut
1930 874 1943 892 ,

404 907 574 949 urgente
593 897 630 936 vi
651 896 715 936 illa
733 895 842 935 omni
864 907 941 945 qua
968 894 1009 932 in
1035 892 1148 932 Orbe
1179 891 1250 930 suo
1278 891 1472 930 retinetur
1494 919 1505 936 ‚
1544 890 1758 932 descendat
1776 893 1816 934 in
1835 895 1942 938 Ter-

401 963 509 996 ram3
542 950 627 990 haec
646 950 770 1002 spatio
792 946 936 986 minuti
956 946 1071 986 unius
1099 945 1217 998 primi
1245 943 1431 984 cadendo
1457 943 1652 984 describet
1679 945 1802 999 pedes
1830 948 1941 991 Pari-

402 1004 541 1044 fienses
564 1008 645 1054 1572
710 1000 927 1051 Colligitur
944 1000 1022 1039 hoc
1043 1012 1093 1040 ex
1112 999 1265 1039 calculo
1286 999 1347 1038 vel
1367 1011 1438 1051 per
1458 998 1777 1051 Propofitionem
1797 1015 1946 1048 xxxvx,

403 1057 519 1098 Libri
547 1057 694 1108 primi,
724 1055 785 1094 vel
817 1053 962 1107 (quod
1002 1053 1149 1093 eodem
1179 1051 1351 1101 recidit)
1390 1065 1461 1104 per
1489 1051 1758 1094 Corollarium
1787 1068 1942 1100 nonum

405 1110 693 1163 Proposstionis
732 1119 883 1162 quartae
919 1107 1094 1159 ejusdem
1130 1105 1277 1151 Libri,
1312 1105 1521 1164 comesto.
1577 1106 1680 1146 Nam
1709 1121 1820 1148 arcus
1838 1111 1941 1153 illius

405 1178 526 1215 quem
569 1163 686 1204 Luna
724 1173 908 1214 tempore
947 1161 1089 1201 minuti
1117 1159 1233 1199 unius
1263 1159 1411 1212 primi,
1452 1158 1589 1198 medio
1616 1160 1685 1199 suo
1715 1173 1859 1208 motu,
1890 1167 1941 1210 ad
1966 1166 1969 1168 “

404 1218 627 1259 distantiam
654 1216 856 1269 sexaginta
890 1214 1279 1255 semidiametrorum
1308 1212 1551 1252 terrestrium
1579 1213 1804 1262 describat,
1840 1217 1944 1261 finus

401 1271 536 1312 versus
564 1271 618 1310 est
644 1270 793 1321 pedum
820 1268 1093 1309 Parifiensium
1125 1274 1206 1319 155
1237 1265 1408 1306 circiter.
1467 1266 1587 1318 Unde
1607 1279 1700 1306 cum
1720 1268 1776 1308 vis
1795 1271 1856 1311 illa
1876 1286 1940 1313 ac-

404 1325 591 1365 cedendo
622 1324 671 1363 ad
699 1323 870 1363 Terram
901 1332 1091 1374 augeatur
1119 1321 1158 1360 in
1187 1319 1387 1373 duplicata
1417 1319 1611 1359 distantiae
1637 1321 1790 1362 ratione
1809 1324 1942 1367 inver-

403 1379 440 1419 sa
466 1408 476 1426 ‚
511 1379 694 1430 adeoque
723 1377 772 1417 ad
803 1376 1052 1430 superficiem
1090 1373 1234 1414 Terrae
1273 1373 1397 1425 major
1437 1373 1481 1413 s1t
1511 1375 1685 1426 partibus
1723 1380 1775 1415 60
1808 1385 1847 1421 ><
1888 1386 1943 1421 60

401 1445 520 1485 quam
556 1432 604 1471 ad
643 1431 834 1477 Lunam3
877 1442 1022 1482 corpus
1052 1428 1089 1468 vi
1128 1428 1189 1467 illa
1218 1428 1259 1467 in
1292 1427 1520 1480 regionibus
1555 1427 1694 1470 nostris
1720 1431 1905 1475 cadendo
1927 1469 1937 1483 ‚

402 1486 637 1526 describere*
674 1485 839 1525 deberet
877 1483 1001 1535 spatio
1049 1482 1192 1522 minuti
1229 1480 1344 1521 unius
1381 1481 1500 1534 primi
1547 1482 1668 1534 pedes
1705 1483 1939 1531 Parifienses

401 1544 454 1580 60
482 1545 522 1580 ><
551 1544 601 1578 60
631 1545 671 1581 ><
699 1546 800 1590 1572,
829 1538 869 1577 &
896 1537 1021 1590 spatio
1048 1536 1190 1576 minuti
1219 1537 1334 1576 unius
1362 1534 1525 1576 secundi
1552 1535 1674 1589 pedes
1706 1548 1806 1591 15ss·
1863 1544 1940 1584 At-

403 1593 472 1646 qui
494 1606 663 1646 corpora
680 1592 721 1632 in
738 1591 968 1645 regionibus
993 1589 1133 1632 nostris
1158 1589 1196 1628 vi
1225 1589 1426 1641 gravitatis
1455 1589 1640 1629 cadendo
1660 1618 1671 1636 ,
1709 1593 1938 1637 describunt

402 1658 588 1700 tempore
615 1646 756 1686 minuti
785 1646 901 1686 unius
929 1643 1092 1684 secundi
1113 1642 1237 1694 pedes
1260 1641 1487 1681 parisienses
1516 1649 1592 1693 1572
1615 1670 1625 1687 ,
1654 1644 1713 1683 uti
1732 1645 1939 1701 Hugenim

405 1701 516 1742 faffis
552 1699 819 1753 pendulorum
853 1696 1138 1749 experimentis
1175 1694 1217 1733 δε
1247 1705 1442 1745 computo
1471 1694 1565 1734 inde
1592 1695 1723 1742 inito,
1767 1699 1937 1744 demon-

406 1754 557 1795 stravit:
590 1753 630 1793 &
649 1762 861 1805 propterea
893 1752 987 1803 (per
1003 1749 1109 1801 Reg.
1130 1762 1162 1787 1.
1184 1747 1225 1786 &
1246 1747 1329 1799 11.)
1360 1746 1417 1787 vis
1443 1759 1520 1800 qua
1547 1749 1665 1789 Luna
1689 1749 1730 1790 in
1749 1754 1847 1794 orbe
1864 1757 1936 1798 suo

407 1808 604 1850 retinetur
622 1835 633 1853 ,
661 1806 724 1846 illa
742 1804 821 1858 ipsa
839 1802 896 1843 est
914 1815 1033 1855 quam
1052 1814 1125 1843 nos
1152 1800 1404 1840 Gravitatem
1431 1800 1564 1840 dicere
1592 1802 1774 1845 solemus.
1828 1809 1935 1852 Nam

407 1861 435 1900 sl
461 1860 646 1901 Gravitas
673 1859 720 1899 ab
746 1872 792 1898 ea
822 1856 975 1896 diversa
1003 1856 1060 1896 est
1077 1884 1088 1902 ‚
1133 1867 1303 1908 corpora
1332 1852 1480 1894 viribus
1514 1855 1689 1909 utrisque
1714 1859 1935 1912 conjunffis

405 1914 578 1962 Terram
598 1912 796 1963 petendo,
825 1910 948 1962 duplo
966 1909 1142 1949 velocius
1161 1907 1426 1953 descendent,
1445 1907 1486 1947 δε
1507 1909 1633 1960 spatio
1652 1910 1795 1953 minuti
1820 1918 1937 1960 unius

406 1968 570 2009 secundi
598 1965 783 2007 cadendo
811 1963 1037 2005 describent
1065 1962 1189 2017 pedes
1216 1961 1446 2003 Parifienses
1478 1975 1572 2010 30÷2
1604 1966 1770 2007 omnino
1796 1982 1936 2015 contra

405 2022 721 2075 Experientiam.
1599 2058 1601 2060 ¹

464 2076 649 2115 Calculus
677 2074 743 2114 hic
770 2071 958 2113 fundatur
985 2071 1025 2111 in
1054 2070 1262 2124 hypothesi
1281 2069 1402 2124 ,quod
1428 2068 1560 2110 Terra
1595 2071 1773 2125 quiescit.
1829 2078 1934 2123 Nam

408 2131 435 2170 fi
455 2129 585 2169 Terra
606 2129 645 2167 δε
668 2127 784 2168 Luna
812 2126 965 2166 circum
989 2125 1122 2165 Solem
1152 2133 1390 2166 moveantur
1412 2152 1423 2171 ,
1450 2124 1490 2163 &
1510 2125 1659 2164 interea
1679 2139 1841 2183 quoque
1859 2136 1934 2176 cir-

404 2195 500 2231 ‘cum
527 2194 743 2222 commune
775 2179 975 2233 gravitatis
1005 2189 1189 2220 centrum
1225 2178 1507 2219 revolvantur:
1556 2179 1734 2220 distantia
1771 2197 1931 2229 centro-

405 2249 493 2277 rum
525 2234 653 2275 Lunae
683 2248 728 2274 ac
755 2234 899 2273 Terrae
927 2233 978 2282 ab,
1012 2233 1185 2273 invicem
1223 2232 1298 2272 e'rit
1337 2234 1405 2275 6οξ
1442 2231 1830 2279 semidiametrorum
1859 2251 1935 2282 ter-

406 2289 586 2330 restrium
611 2305 621 2335 ;
661 2289 719 2330 uti
738 2287 1081 2341 computationem
1113 2290 1211 2341 (per
1230 2287 1346 2339 Prop.
1366 2298 1431 2327 Lx·
1451 2284 1543 2327 Lib.
1561 2285 1617 2338 I..)
1647 2288 1800 2331 ineunti
1827 2305 1938 2346 pate-

409 2343 478 2387 bit.

481 2420 485 2423 a
1746 2396 1778 2437 Ρ
1806 2397 1848 2444 R
1876 2401 1935 2454 οἸ
