2079 3033
608 141 1177 187 PRAEFATIO.

132 231 255 272 totius
272 226 398 271 moles
417 228 457 269 in
478 227 585 272 binas
605 224 858 278 quascunque
875 233 1026 278 partes,
1054 227 1117 266 vel
1139 224 1304 279 aequales
1321 226 1384 266 vel
1394 233 1597 280 utcunque
1607 228 1668 269 in-

131 286 330 339 aequales:
356 284 434 336 jam
462 281 491 321 fi
519 280 695 332 pondera
722 279 893 331 partium
921 291 1003 319 non
1032 279 1153 320 effent
1182 280 1222 319 in
1250 279 1288 319 se
1313 289 1455 320 mutuo
1474 282 1675 333 aequaliag

129 338 296 379 cederet
324 336 479 390 pondus
506 334 634 374 minus
665 332 824 384 majori,
859 332 901 371 &
929 342 1058 385 partes
1087 333 1307 386 conjunctae
1324 344 1538 387 pergerent
1557 334 1676 376 recta.

130 392 293 443 moveri(
312 391 361 431 ad
389 388 609 433 infinitum,
639 387 768 428 versus
795 386 950 439 plagam
975 387 1016 426 in
1046 399 1165 438 quam
1194 387 1323 427 tendit
1344 387 1499 441 pondus
1518 388 1661 441 majus:

128 446 296 486 omnino
322 452 460 483 contra
483 441 793 494 Experientiam.
851 439 988 492 Itaque
1007 439 1224 480 dicendum
1243 441 1341 487 erit,
1369 441 1547 493 pondera
1575 455 1663 495 par-

128 501 228 540 tium
256 498 295 537 in
325 495 546 549 aeqssuilibrio
563 494 639 534 effe
656 493 870 544 constituta
889 506 897 533 :
927 494 1005 534 hoc
1023 493 1097 540 est,
1128 493 1345 535 Gravitatis
1367 495 1564 537 actionem
1583 495 1661 538 effe

128 562 304 594 mutuam
327 550 367 590 &
389 548 576 602 utrinque
595 548 800 601 aequalem.
1492 575 1498 576 γ

177 603 361 645 Pondera
381 614 596 655 corporum
610 631 621 647 ‚
650 602 854 655 aequaliter
872 616 899 642 a·
912 610 1054 643 centro
1071 600 1214 642 Terrae
1234 602 1459 644 distantium
1472 632 1484 651 ,
1508 604 1597 645 sunt
1615 613 1661 645 ut

123 658 363 712 quantitates
394 656 568 696 materiae
595 656 637 695 in
664 655 912 708 corporibus,
968 655 1066 696 Hoc
1087 656 1226 708 utique
1242 657 1442 709 colligitur
1460 671 1511 699 ex
1527 670 1675 712 aequa-⁹
1720 671 1723 674 ’

122 715 148 754 li
184 711 472 753 acceleratione
499 721 716 761 corporum
745 709 949 754 omnium,
986 722 1008 749 e
1035 709 1173 762 quiete
1202 721 1272 761 per
1301 711 1526 762 ponderum
1558 712 1660 752 vires

121 766 379 808 cadentium:
420 776 510 804 nam
538 764 642 803 vires
670 762 813 817 quibus
840 763 1046 817 inaequalia
1075 775 1247 816 corpora
1273 764 1477 816 aequaliter
1506 767 1659 806 accele-

121 830 260 862 rantur
278 848 289 866 ‚
334 817 482 859 debent
520 816 596 858 effe
625 817 944 870 proportionales
973 816 1259 870 quantitatibus
1288 817 1464 857 materiae
1491 831 1659 860 moven-

106 875 197 916 dae.
249 873 338 926 Jam
365 885 463 913 vero
492 884 661 925 corpora
689 871 866 912 universa
895 870 1077 912 cadentia
1108 871 1313 924 aequaliter
1341 872 1571 919 accelerari,
1607 886 1665 913 exf

65 926 75 929 χ
120 942 172 969 eo
201 936 339 982 patet,
376 927 488 980 quod
516 926 556 966 in
589 925 731 968 Vacuo
760 926 954 978 Boytiano-
976 925 1222 978 temporibus
1251 924 1466 979 aequalibus
1496 927 1667 979 aequalia,

123 983 245 1037 spatia
274 980 459 1022 cadendo
488 980 738 1028 describunt,
773 980 919 1020 sublata
947 979 1096 1020 scilicet
1126 979 1243 1019 Aeris
1268 979 1511 1020 resistentia:
1549 992 1668 1032 accu-⁴

121 1039 241 1078 ratius
257 1046 392 1077 autem
410 1034 697 1088 comprobatur
715 1046 787 1087 per
807 1033 1093 1088 Experimenta
1109 1033 1398 1074 Pendulorum.

176 1090 298 1133 Vires
322 1089 537 1130 attractivae
566 1101 803 1141 corporum,
834 1089 876 1129 in
897 1087 1111 1141 aequalibus
1130 1086 1345 1135 distantiis,
1372 1087 1461 1128 sunt
1480 1097 1524 1128 ut
1542 1101 1666 1142 quano

121 1145 253 1185 titates
290 1143 465 1184 materiae
500 1144 542 1183 in
580 1142 826 1195 corporibus.
881 1143 985 1183 Nam
1022 1154 1114 1181 cum
1152 1152 1320 1194 corpora
1348 1142 1390 1181 in
1419 1141 1592 1183 Terram
1621 1144 1664 1184 &

119 1198 252 1240 Terra
289 1196 455 1238 viciffim
491 1197 532 1237 in
560 1209 730 1249 corpora
756 1196 972 1244 momentis
1001 1195 1215 1248 aequalibus
1246 1196 1444 1249 gravitent
1467 1213 1477 1242 ;
1504 1197 1664 1237 ·Ter1·ae

122 1253 281 1307 pondus
306 1252 347 1293 in
376 1250 695 1304 unumquodque
725 1263 892 1305 corpus,
919 1250 988 1290 seu
1013 1250 1073 1289 vis
1088 1263 1166 1304 qua
1184 1262 1329 1303 corpus
1345 1249 1518 1290 Terram
1547 1260 1666 1291 attra-

119 1308 207 1355 hit,
229 1305 448 1362 aequabitur
477 1305 648 1359 ponderi
676 1306 856 1358 corporis
885 1303 1061 1357 ejusdem
1087 1305 1128 1344 in
1155 1303 1341 1343 Terram.
1400 1302 1499 1344 Hoc
1527 1314 1663 1346 autem

121 1361 280 1415 pondus
307 1369 390 1402 erat
410 1370 454 1400 ut
482 1359 678 1412 quantitas
699 1359 939 1399 materiae‘in
957 1370 1130 1410 corpore
1150 1371 1159 1397 :
1195 1358 1330 1410 itaque
1348 1357 1405 1397 vis
1424 1369 1500 1410 qua
1519 1371 1665 1412 corpus

117 1415 439 1470 unumquodque
467 1413 643 1454 Terram
672 1414 864 1461 attrahit,
886 1411 968 1454 five
993 1412 1174 1466 corporis
1201 1412 1259 1452 vis
1287 1410 1483 1461 absoluta,
1512 1414 1587 1453 erit
1616 1423 1666 1455 ut

119 1469 264 1510 eadem
282 1469 480 1521 quantitas
496 1467 686 1508 materiae.

174 1523 317 1563 Oritur
353 1534 452 1573 ergo
479 1521 521 1559 δε
550 1521 809 1571 componitur
838 1522 893 1560 vis
923 1520 1136 1558 attractiva·
1158 1528 1377 1568 corporum
1406 1519 1673 1571 integrorum&-

120 1589 172 1617 ex
200 1575 347 1616 viribus
376 1572 592 1614 attrastivis
626 1573 827 1622 partium:
873 1571 1070 1622 siquidem
1096 1570 1207 1610 aucta
1236 1572 1302 1611 vel
1331 1572 1528 1612 diminuta
1555 1575 1664 1615 mole

119 1628 296 1669 materiae
316 1655 328 1673 ,
372 1625 570 1665 ostensum
609 1623 692 1670 est,
738 1623 1091 1677 proportionaliter
1128 1625 1261 1675 augeri
1290 1626 1351 1664 vel
1381 1624 1550 1666 diminui
1581 1627 1667 1679 ejus

117 1682 320 1725 virtutems
377 1677 498 1719 Actio
533 1677 669 1729 itaque
696 1676 871 1717 Telluris
901 1689 964 1717 ex.
981 1675 1202 1726 conjunffis
1226 1677 1398 1730 partium
1426 1678 1665 1722 Aciionibus

119 1735 286 1777 conflari
311 1731 508 1774 censenda
533 1733 632 1777 eri-t3
662 1739 783 1783 atque
805 1731 908 1771 adeo
927 1731 1253 1784 corpora-omnia
1270 1730 1495 1772 Terrestria
1514 1732 1552 1774 se
1573 1747 1668 1777 mu-

119 1802 191 1831 tuo
221 1787 377 1830 trahere
407 1795 571 1839 oportet
601 1784 748 1825 viribus
777 1785 986 1832 absolutis,
1016 1797 1107 1838 quae
1137 1784 1209 1824 smt
1238 1785 1278 1825 in
1306 1786 1463 1826 ratione
1483 1790 1676 1830 materiae¹

119 1843 320 1885 trahentis.
378 1840 485 1881 Haec
513 1839 569 1879 est
596 1849 734 1880 natura
764 1838 987 1880 Gravitatis.
1003 1838 1108 1892 apud
1126 1838 1327 1880 Terram:
1359 1839 1564 1885 videamus
1578 1842 1663 1895 jam

121 1898 247 1952 qualis
266 1896 311 1937 fit
331 1897 372 1937 in
389 1893 532 1936 Coelis.
1411 1922 1419 1928 x

174 1952 334 2004 Corpus
361 1961 481 1990 omne
510 1947 761 2001 perseverare
790 1949 832 1989 in
851 1947 1118 1989 statur-suovvel
1136 1947 1661 2000 quiescendivelmovendi

120 2005 374 2047 uniformiter
402 2003 444 2043 in
472 2001 690 2048 directum,
725 2002 795 2044 nist
824 2012 1016 2054 quatenus
1045 2002 1079 2041 a'.
1097 2001 1246 2042 viribus
1271 2001 1466 2056 impreffis
1497 2006 1658 2057 cogitur

119 2060 261 2102 :statum
289 2058 400 2098 illum
427 2065 581 2097 mutare
592 2073 605 2102 -;
637 2056 802 2097 Naturae
828 2056 893 2096 lex
921 2055 976 2096 est
1004 2056 1052 2096 ab
1081 2055 1267 2110 omnibus
1293 2057 1662 2109 receptaiphiloso-

119 2114 219 2167 phis.
274 2111 373 2153 Inde
402 2123 498 2150 vero
525 2109 724 2163 sequitur,
753 2112 1036 2163 corporaquae
1055 2110 1096 2151 in
1114 2109 1259 2150 Curvis
1278 2120 1513 2159 moventur,
1542 2122 1679 2167 atque*

121 2168 226 2208 adeo
262 2165 313 2207 de
347 2164 464 2205 lineis
485 2163 600 2204 'rectis
630 2162 791 2204 Orbitas
821 2164 902 2204 suas
932 2163 1182 2217 tangentibus
1208 2164 1366 2216 jugiter
1387 2163 1533 2206 abeunt
1554 2196 1566 2214 ,
1605 2167 1660 2208 Vi

121 2222 249 2274 aliqua
277 2228 473 2272 perpetuo
503 2227 647 2269 agente
675 2218 839 2258 retineri
868 2218 908 2257 in
926 2218 1068 2259 itinere
1096 2218 1331 2258 curvilineO.
1386 2217 1558 2260 Planetis
1586 2221 1673 2274 igi··'

122 2285 188 2315 tur
213 2275 265 2325 ‘in
293 2272 467 2313 Orbibus
504 2272 635 2311 curvis
671 2271 969 2312 revolventibus
997 2271 1214 2321 neceffario
1241 2271 1370 2312 aderit
1399 2271 1479 2313 Vis
1502 2275 1629 2326 aliqua
1646 2305 1660 2322 ‚

121 2341 192 2383 per
223 2327 332 2379 eujus
351 2325 524 2367 artiones
542 2325 732 2378 repetitas
751 2325 1020 2419 ἰηάείίηἰηῑει·
1039 2340 1060 2367 a
1077 2325 1362 2379 Tangentibus
1385 2326 1663 2369 deflectantur.

968 2393 995 2427 3.
1583 2382 1689 2435 Jamt
