2079 3033
385 153 467 192 43⁷0
649 137 1148 182 ‘PH'ILOSOPHIAE
1183 135 1596 184 NATURALIS

184 235 230 277 Ιῇε
258 233 373 261 mex
446 227 567 268 Carol.
587 241 622 266 2.
651 225 759 265 Cum
787 225 843 264 vis
863 223 994 265 Lunae
1021 224 1072 265 ad
1094 224 1212 265 Mare
1241 224 1512 271 movendum,
1541 223 1585 264 fit
1612 223 1662 264 ad
1691 225 1768 267 vim
1798 232 1929 283 gravi-

186 274 479 321 bv‘'mhfflss’tatis
519 292 563 321 ut
602 294 618 317 1
659 279 709 318 ad
749 278 934 330 2871400
956 309 967 327 ‚
1014 279 1268 332 perspicuum
1304 279 1360 319 est
1397 279 1509 330 quod
1546 278 1604 319 vis
1640 278 1703 318 illa
1737 280 1782 320 fit
1810 285 1930 339 longe

393 337 526 377 minor
553 346 671 387 quam
700 345 790 385 quae
816 335 879 374 vel
907 333 948 374 in
975 335 1262 387 experimentis
1291 333 1590 380 Pendulorum,
1619 333 1683 373 vel
1710 333 1751 373 in
1776 334 1930 380 Staticis

394 400 459 430 aut
488 387 784 441 Hydrostaticis
813 387 1116 442 quibuscunque
1147 388 1280 428 sentiri
1308 386 1439 442 poffit,
1503 388 1546 429 In
1579 385 1697 428 AEstu
1731 387 1815 429 solo
1851 403 1932 433 ma-

392 445 481 484 rino
500 442 586 482 haec
607 442 662 483 vis
679 441 896 484 sensibilem
916 443 1000 483 edit
1021 442 1221 484 effectum.

448 497 570 537 Corol.
600 511 633 544 3-
663 495 869 550 Quoniam
900 497 956 537 vis
986 497 1116 538 Lunae
1142 497 1192 537 ad
1219 495 1337 538 Mare
1365 495 1637 544 movendum,
1666 496 1723 537 est
1752 496 1800 538 ad
1832 497 1933 540 Solis

391 550 471 591 vim
509 551 754 591 confimilem
794 561 838 591 ut
875 551 1019 603 4‚4815·
1059 551 1110 592 ad
1152 564 1200 598 1,
1247 552 1289 591 &
1325 551 1429 593 vires
1463 552 1539 592 111ae
1580 555 1674 604 (per
1702 550 1842 593 Corol.
1875 567 1934 605 14.

389 605 509 658 Prop.
536 619 652 646 var.
682 604 774 646 Lib.
802 605 852 655 I.)
890 606 978 647 sunt
1016 617 1059 647 ut
1097 605 1307 646 denfitates
1342 617 1560 659 corporum
1599 606 1730 646 Lunae
1760 605 1801 646 &
1830 607 1931 648 Solis

391 659 432 699 &
460 658 553 699 cubi
581 660 873 701 diametrorum
899 660 1174 714 apparentium
1203 659 1470 712 conjunctim
1504 658 1671 700 denfitas
1699 659 1828 701 Lunae
1855 662 1934 703 erit

389 713 441 754 ad
477 713 715 754 densitatem
752 714 879 761 Solis,
924 724 968 754 ut
1003 714 1143 766 4,4815
1182 713 1231 753 ad
1266 728 1282 753 1
1314 714 1465 755 direfte
1504 714 1544 754 &
1583 714 1708 754 cubus
1747 714 1934 757 diametri

391 768 522 808 Lunae
551 768 602 809 ad
630 769 778 809 cubum
807 768 993 817 diametri
1020 768 1121 809 Solis
1147 767 1326 808 inverse:
1357 769 1398 808 id
1427 768 1483 809 est
1503 770 1617 820 (cum
1644 768 1830 809 diametri
1850 782 1934 809 me-

318 818 325 823 “
393 823 559 863 diceres,
587 831 819 875 apparentes
857 822 987 862 Lunae
1027 822 1066 862 &
1105 821 1205 862 Solis
1244 821 1316 862 fint
1356 824 1426 869 31'.
1465 823 1548 865 1621‘
1583 822 1625 862 &
1657 822 1727 869 32¹.
1759 823 1848 868 12¹¹)
1881 835 1932 863 *ut

392 876 490 928 4891
524 876 573 917 ad
607 890 722 916 1000.
787 876 970 917 Denfitas
1007 885 1140 915 autem
1171 875 1272 915 Solis
1304 887 1388 915 erat
1418 876 1467 916 ad
1496 876 1731 916 densitatem
1758 874 1902 916 Terrae
1924 906 1935 925 ‚

394 941 438 970 ut
479 944 553 969 100
591 931 639 970 ad
681 934 785 982 3963
826 930 868 969 &
905 939 1116 983 propterea
1155 929 1323 970 densitas
1353 929 1482 970 Lunae
1518 929 1574 970 est
1608 930 1657 971 ad
1698 929 1935 971 densitatem

394 982 559 1032 Terrae,
596 995 640 1024 ut
661 981 768 1036 '4891
799 983 849 1023 ad
880 986 982 1036 3960
1009 983 1075 1024 seu
1099 997 1147 1022 21
1177 983 1226 1023 ad
1258 998 1321 1033 -17,
1385 984 1456 1025 Est
1480 985 1602 1038 igitur
1627 997 1774 1038 corpus
1803 983 1935 1026 Lunae

395 1038 551 1079 densius
571 1038 610 1078 δε
630 1038 753 1091 magis
773 1038 957 1078 terrestre
978 1050 1100 1091 quam
1117 1037 1248 1078 Terra
1267 1038 1410 1080 nostra.

445 1093 568 1133 Corol.
597 1107 633 1144 4.
691 1092 746 1133 Et
787 1105 881 1132 cum
919 1105 1012 1132 vera
1048 1092 1245 1132 diameter
1281 1092 1413 1133 Lunae
1464 1100 1538 1143 (ex
1577 1092 1932 1135 Observationibus

391 1144 711 1189 Astronomicis>
751 1147 796 1188 fit
833 1146 882 1187 ad
912 1159 1047 1187 veram
1078 1146 1321 1187 diametrum
1351 1147 1495 1188 Terrae
1516 1177 1527 1196 ‚
1564 1157 1609 1189 ut
1642 1161 1719 1186 100
1748 1147 1798 1188 ad
1830 1153 1931 1200 365;

387 1201 462 1242 erit
486 1200 600 1241 maffa
620 1201 750 1241 Lunae
771 1201 820 1241 ad
839 1200 997 1241 massam
1018 1200 1185 1247 Terrae‚
1213 1211 1258 1241 ut
1280 1216 1296 1241 1
1320 1201 1369 1242 ad
1391 1216 1540 1253 39,37r.

447 1255 569 1296 Corol.
593 1269 627 1305 ς,
658 1255 712 1295 Et
740 1257 909 1309 gravitas
938 1255 1196 1295 acceleratrix
1226 1255 1267 1296 in
1292 1256 1500 1309 superficie
1528 1256 1659 1296 Lunae
1676 1284 1688 1303 ,
1725 1256 1802 1297 erit
1826 1257 1933 1311 quasi

394 1308 514 1362 triplo
531 1310 663 1349 minor
681 1323 799 1363 quam
821 1310 989 1363 gravitas
1008 1309 1269 1350 acceleratrix
1288 1310 1329 1350 in
1346 1310 1553 1363 superficie
1574 1309 1732 1350 Terrae.

449 1363 571 1404 Corol.
603 1368 636 1403 6.
677 1363 730 1404 Et
757 1364 937 1405 distantia
959 1363 1088 1403 centri
1115 1362 1245 1403 Lunae
1273 1378 1294 1404 a
1319 1376 1462 1405 centro
1486 1364 1654 1411 Terrae,
1692 1364 1767 1405 erit
1793 1365 1842 1405 ad
1866 1364 1932 1405 >d‘i-
1982 1385 1991 1396 ·-

395 1416 573 1457 stantiam
600 1419 727 1458 centri
746 1414 876 1459 Lunae
903 1433 924 1459 a
948 1420 1155 1458 communi
1173 1419 1374 1472 gravitatis
1393 1427 1536 1460 centro
1553 1418 1698 1459 Terrae
1719 1418 1759 1460 &
1781 1418 1933 1467 Lunae,

391 1481 434 1511 ut
456 1484 595 1522 40‚371
618 1471 667 1512 ad
691 1487 841 1525 39,371.

446 1526 568 1566 Corol.
593 1539 626 1574 7.
654 1526 708 1566 Et
727 1527 942 1568 mediocris
963 1527 1144 1568 distantia
1162 1529 1290 1569 centri
1309 1528 1440 1569 Lunae
1459 1541 1480 1567 a
1499 1538 1641 1569 centro
1661 1526 1825 1577 Terrae,
1853 1528 1930 1569 erit

390 1579 779 1622 semidiametrorum
830 1582 1092 1623 maximarum
1139 1582 1283 1623 Terrae
1333 1585 1401 1625 6οὲ
1443 1583 1761 1635 quamproxime.
1825 1582 1931 1623 Nam

393 1633 687 1674 semidiameter
724 1636 897 1676 maxima
933 1635 1077 1675 Terrae
1107 1636 1185 1675 fuit
1219 1635 1370 1686 pedum
1399 1634 1669 1675 Parifienfium
1701 1640 1929 1687 19767630‚

395 1687 438 1726 &
476 1687 690 1728 mediocris
726 1689 905 1728 distantia
942 1697 1175 1728 centrorum
1201 1688 1348 1728 Terrae
1385 1687 1430 1727 &‚
1456 1687 1586 1728 Lunae
1622 1701 1673 1728 ex
1702 1689 1929 1741 hujusmodi

396 1741 696 1781 semidiametris
726 1745 794 1785 6οὲ
821 1741 1000 1782 constans
1017 1770 1028 1788 ‚
1068 1742 1227 1795 aequalis
1255 1741 1311 1781 est
1337 1741 1503 1795 pedibus
1537 1742 1808 1794 1190999707.
1873 1743 1929 1784 Et

395 1796 482 1835 haec
517 1795 696 1835 distantia
734 1805 828 1847 (per
857 1795 1126 1836 ‘corollarium
1153 1796 1351 1849 superius)
1390 1796 1446 1834 est
1472 1795 1522 1834 ad
1555 1795 1776 1837 distantiam
1801 1797 1930 1838 centri

396 1849 528 1890 Lunae
557 1863 578 1889 a
608 1850 815 1890 communi
840 1849 1046 1903 gravitatis
1074 1859 1215 1890 centro
1234 1849 1379 1889 Terrae
1401 1848 1443 1888 δε
1466 1848 1619 1897 Lunae,
1646 1860 1691 1890 ut
1708 1865 1847 1902 40,371
1879 1852 1929 1892 ad

399 1917 564 1956 39‚371‚
605 1916 695 1957 quae
724 1904 895 1957 proinde
922 1904 977 1944 est
1005 1903 1155 1957 pedum
1185 1903 1459 1955 1161498340.
1524 1902 1580 1943 Et
1606 1916 1697 1944 cum
1726 1905 1842 1946 Luna
1870 1919 1932 1946 re-

397 1959 581 1998 volvatur
600 1958 778 2012 respeetu
796 1957 980 1999 Fixarum
994 1987 1005 2004 ,
1034 1958 1172 1999 diebus
1193 1972 1264 2008 27,
1292 1958 1400 1998 horis
1420 1971 1442 2006 7
1464 1956 1504 1997 &
1525 1958 1687 1998 minutis
1697 1960 1831 2012 primis
1843 1972 1931 2011 433,

400 2011 502 2052 finus
529 2012 659 2053 versus
685 2013 817 2066 anguli
842 2025 965 2066 quern
983 2012 1120 2060 Luna,
1149 2023 1332 2066 tempore
1359 2011 1502 2052 minuti
1528 2013 1644 2052 unius
1671 2014 1787 2066 primi
1818 2025 1932 2055 motu

399 2065 469 2106 suo
498 2067 655 2113 medio,
683 2067 788 2107 circa
813 2080 1029 2107 commune
1055 2068 1256 2120 gravitatis
1277 2070 1461 2107 centrum
1479 2065 1622 2106 Terrae
1643 2066 1683 2107 ἃ
1702 2067 1832 2108 Lunae
1863 2068 1933 2109 de-

399 2119 555 2168 scribit,
585 2121 640 2161 est
662 2135 862 2172 1275235‚
890 2121 1081 2162 existente
1106 2122 1220 2162 radio
1246 2135 1344 2168 100,
1373 2133 1556 2169 000000,
1584 2135 1759 2162 000000.
1817 2122 1870 2163 Et
1890 2133 1933 2163 ut

398 2173 530 2214 radius
560 2175 615 2215 est
645 2175 694 2215 ad
726 2176 830 2216 hunc
858 2175 983 2216 finum
1013 2176 1167 2216 versum
1189 2205 1199 2223 ,
1242 2176 1295 2216 ita
1323 2175 1411 2215 sunt
1441 2175 1564 2228 pedes
1595 2176 1851 2229 1161498340
1880 2178 1931 2217 ad

397 2227 519 2280 pedes
552 2229 780 2282 142811833.
809 2244 812 2246 ’
841 2229 960 2271 Luna
988 2230 1117 2283 igitur·
1137 2231 1176 2270 vi
1206 2230 1268 2270 illa
1295 2243 1372 2284 qua
1401 2230 1597 2271 retinetur
1622 2231 1664 2271 in
1689 2231 1801 2271 Orbe
1820 2260 1831 2278 ,
1867 2243 1931 2270 ca-

398 2282 536 2322 dendo
575 2283 615 2323 in
643 2282 846 2331 Terram,
886 2295 1068 2337 tempore
1105 2285 1248 2325 minuti
1286 2283 1400 2325 unius
1437 2284 1554 2337 primi
1584 2284 1781 2326 describet
1809 2284 1930 2338 pedes

402 2335 636 2389 14,811833,
693 2338 746 2378 Et
773 2339 800 2379 fi
829 2339 914 2380 haec
939 2340 996 2380 vis
1023 2349 1212 2393 augeatur
1240 2339 1280 2380 in
1309 2338 1463 2379 ratione
1493 2343 1598 2388 1772ss
1623 2339 1672 2380 ad
1694 2337 1928 2432 17853‘}‚b·ha-

1138 2397 1140 2405 ⁸
1796 2404 1816 2431 e
1847 2403 1926 2433 itur
1972 2419 1976 2429 ,
