2079 3033
275 116 278 118 ’
324 135 684 203 ,ΡΒιΝοΙΡΙΑ
714 135 1289 181 MATHEMATICA.
1536 120 1621 191 393·

78 225 181 270 pore
200 216 335 259 aestivo
352 220 568 261 matutinos
582 249 595 268 ‚
622 220 674 261 ad
690 216 952 269 'Plymuthum
967 219 1131 274 quidem
1149 217 1359 260 altitudine
1379 217 1485 274 quafi
1501 219 1614 272 pedis
1631 225 1657 255 t„
1674 235 1684 255 ι
1702 225 1718 255 {³
1733 233 1752 254 ι
1763 225 1789 254 ἰ
1811 264 1820 279 1

83 270 218 318 unius,
244 272 293 313 ad
323 272 547 325 Bristoliam
573 286 673 315 vero
700 273 910 316 altitudine
935 273 1172 329 quindecim
1197 273 1449 327 digitorum:
1478 274 1612 315 obser-
1632 263 1818 298 T¹³¹³¹¹¹'⁵·²

82 325 265 365 vantibus
286 325 505 381 Coleprffo
524 327 565 367 ὅτ
584 326 772 370 sturmio.
887 368 889 371 Α
1263 358 1266 360 v

138 378 280 420 Motus
297 390 430 420 autem
457 380 642 421 hasienus
670 380 856 435 descripti
886 388 1090 422 mutantur
1116 381 1401 435 aliquantulum
1429 393 1500 434 per
1529 383 1611 426 vim

82 430 188 473 illam
209 433 532 485 reciprocationis
558 447 748 487 aquarum
766 463 778 481 ,
813 447 893 488 qua
914 435 1040 475 Maris
1059 434 1170 475 aestus
1189 463 1200 481 ‚
1240 435 1361 475 etiam
1378 434 1614 478 cessantibus

83 485 361 527 Luminarium
379 486 596 528 afflonibus
612 516 625 534 ,
664 487 791 540 posset
810 488 1053 540 aliquamdiu
1073 488 1333 541 perseverare.
1390 488 1614 531 Conserva-

82 539 141 579 tio
166 540 301 579 haecce
332 549 464 579 motus
492 539 667 593 impl-effi
694 541 835 581 minuit
862 541 1130 582 differentiam
1159 541 1323 581 aestuum
1342 542 1610 590 alternorumz

82 591 125 632 δε
141 592 254 633 aestus
270 592 451 644 proxime
469 593 555 644 post
572 594 761 647 Syzygias
782 599 950 644 majores
967 595 1102 634 reddit
1120 622 1132 639 ,
1160 596 1307 647 eosque
1325 595 1506 647 proxime
1525 596 1614 650 post

80 645 352 698 Quadraturas
385 644 540 687 minuit.
594 644 717 686 Unde
750 645 796 685 fit
822 655 867 685 ut
894 646 1008 685 aestus
1035 649 1174 688 alterni
1204 649 1254 689 ad
1285 649 1540 696 Plymmhum
1569 650 1612 691 δι

80 698 306 749 Bristoliam
332 710 415 738 non
442 699 571 739 multo
600 699 724 751 magis
760 696 947 738 differant
975 698 1024 738 ab
1052 700 1226 740 invicem
1255 713 1376 754 quarn
1401 703 1614 745 altitudine

80 751 195 806 pedis
222 751 338 792 unius
363 752 428 792 vel
445 751 665 806 digitorum
686 751 941 805 quindecim;
970 760 1098 804 utque
1116 753 1228 792 aestus
1247 754 1427 794 omnium
1449 756 1615 799 maximi

6 833 11 837 »
76 807 124 850 in
137 804 278 846 iisdem
294 804 490 859 portubus
507 835 519 853 ,
555 818 638 846 non
662 805 736 847 sint
763 805 881 859 primi
909 819 931 846 a
950 804 1128 858 Syzygiis
1150 833 1161 851 ,
1202 804 1270 844 sed
1291 806 1410 846 tertii.
1466 807 1615 850 Retar-

82 860 229 900 dantur
247 860 368 900 etiam
385 870 520 901 motus
538 872 679 901 omnes
699 858 922 900 intransitu
947 871 1018 910 per
1045 858 1144 898 vada
1164 887 1176 905 ,
1211 858 1315 898 adeo
1332 868 1375 899 ut
1395 858 1508 901 aestus
1527 874 1616 902 om-

81 912 193 954 nium
211 913 374 954 maximi
394 941 408 961 ,
437 913 478 954 in
495 913 607 954 fretis
624 913 860 966 quibusdam
883 912 924 953 δε
950 911 1183 953 Fluviorum
1212 911 1318 952 ostiis
1336 938 1349 961 ,
1384 912 1458 954 sint
1486 914 1619 968 quarti

82 967 148 1008 vel
167 966 287 1007 etiam
304 966 435 1020 quinti
454 981 475 1007 a
495 966 686 1020 Syzygiis.

135 1020 268 1061 Porro
291 1020 377 1060 fieri
405 1020 536 1073 potest
565 1031 608 1062 ut
635 1020 747 1061 aestus
774 1030 1018 1075 propagetur
1046 1019 1094 1062 ab
1133 1017 1301 1061 Oceano
1327 1034 1401 1076 per
1427 1022 1528 1063 freta
1558 1022 1622 1064 di-

83 1074 194 1115 versa
211 1073 262 1113 ad
280 1073 455 1114 eundem
473 1084 636 1127 portum
654 1103 667 1121 ‚
706 1075 748 1114 &
773 1076 889 1116 citius
921 1074 1087 1115 transeat
1115 1086 1186 1127 per
1211 1074 1339 1127 aliqua
1370 1076 1470 1116 freta
1497 1089 1620 1130 quam

82 1139 155 1181 per
171 1126 262 1167 alia:
293 1139 378 1181 quo
394 1127 437 1167 in
455 1127 543 1168 casu
562 1127 675 1168 aestus
695 1127 805 1169 idem
826 1158 838 1175 ,
874 1129 916 1168 in
945 1128 1046 1169 duos
1075 1129 1139 1168 vel
1164 1129 1296 1182 plures
1317 1128 1534 1170 succeffive
1550 1131 1622 1172 ad-

81 1182 288 1222 venientes
315 1181 461 1221 divisus
478 1210 490 1228 ‚
528 1194 775 1236 componere
803 1181 928 1236 poffit.
953 1192 1086 1222 motus
1115 1195 1243 1223 novos
1271 1183 1520 1224 diversorum
1555 1197 1625 1237 ge-

79 1245 236 1276 nerum.
291 1232 504 1288 Fingamus
534 1235 647 1277 aestus
675 1235 777 1278 duos
805 1236 975 1290 aequales
1010 1249 1032 1275 a
1060 1235 1220 1277 diversis
1249 1237 1347 1277 locis
1375 1236 1415 1277 in
1444 1238 1624 1280 eundem

80 1299 247 1341 portum
265 1288 425 1335 venire,
452 1301 627 1342 quorum
648 1289 758 1342 prior
775 1290 974 1342 praecedat
994 1290 1162 1330 alterum
1183 1290 1308 1342 spatio
1327 1290 1516 1331 horarum
1536 1291 1620 1340 sex,

81 1342 317 1395 incidatque
333 1340 376 1381 in
394 1341 532 1382 horam
551 1343 710 1383 tertiam
739 1342 786 1382 ab
816 1342 978 1395 appulsu
1007 1342 1137 1382 Lunae
1163 1344 1213 1383 ad
1233 1343 1506 1384 Meridianum
1526 1357 1620 1398 por-

82 1405 158 1437 tus.
213 1395 254 1436 Si
280 1394 399 1435 Luna
424 1395 466 1436 in
493 1396 623 1436 hocce
647 1395 718 1436 suo
744 1394 794 1435 ad
826 1395 1100 1436 Meridianum
1129 1397 1290 1449 appulsu
1327 1396 1550 1439 versabatur
1577 1397 1620 1439 in

84 1449 335 1500 AEquatore‚
363 1449 525 1489 venient
545 1449 700 1502 singulis
719 1449 827 1489 horis
847 1449 944 1490 senis
974 1450 1140 1502 aequales
1160 1449 1326 1490 affiuxus
1343 1478 1355 1497 ,
1383 1450 1453 1504 qui
1471 1449 1512 1490 in
1531 1463 1620 1492 mu-

84 1512 179 1545 tuos
219 1500 397 1543 refluxus
423 1502 642 1543 incidendo
670 1502 834 1544 eosdem
862 1502 1071 1543 affluxibus
1100 1502 1316 1557 aequabunt
1334 1532 1346 1550 ,
1384 1506 1425 1543 &
1456 1502 1507 1543 fic
1536 1504 1621 1557 spa-

85 1559 145 1598 tio
200 1556 280 1597 diei
324 1556 424 1596 illius
468 1555 650 1596 efficient
694 1566 738 1596 ut
784 1569 884 1610 aqua
933 1557 1140 1609 tranquille
1188 1556 1352 1609 stagnet.
1423 1556 1464 1597 Si
1501 1556 1620 1599 Luna

85 1619 183 1651 tunc
209 1609 431 1650 declinabat
464 1608 512 1648 ab
542 1607 798 1660 AEquatore‚
842 1609 939 1649 fient
969 1613 1080 1648 aestus
1109 1609 1150 1648 in
1189 1610 1356 1650 Oceano
1385 1609 1536 1652 vicibus
1566 1612 1623 1653 al-

86 1664 208 1705 ternis
233 1663 400 1715 majores
441 1661 482 1701 &
514 1662 716 1709 minores,
754 1662 814 1702 uti
843 1661 995 1701 distum
1024 1661 1109 1708 est;
1150 1661 1192 1701 &
1221 1662 1317 1703 inde
1344 1665 1623 1718 propagabun·

86 1727 152 1759 tur
179 1717 219 1757 in
247 1716 352 1757 hunc
380 1724 545 1769 portum
573 1714 740 1756 affiuxus
767 1715 851 1756 bini
880 1714 1047 1767 majores
1085 1716 1124 1755 &
1166 1713 1248 1756 bini
1283 1717 1457 1757 minores
1475 1746 1487 1765 ,
1523 1719 1622 1760 vici-

86 1771 159 1813 bus
196 1771 365 1810 alternis.
421 1768 608 1810 Affluxus
645 1779 780 1810 autem
818 1768 900 1809 bini
927 1769 1094 1821 majores
1122 1780 1371 1823 component
1399 1783 1540 1824 aquam
1568 1774 1623 1813 al-

89 1823 274 1867 tiffimam
301 1823 342 1863 in
380 1822 517 1862 medio
554 1823 658 1862 inter
694 1832 912 1874 utrumque
934 1851 945 1868 ,
980 1821 1148 1863 affluxus
1185 1824 1309 1876 major
1337 1824 1378 1864 &
1406 1828 1540 1866 minor
1567 1826 1626 1867 fa-

87 1879 168 1918 ciet
196 1886 240 1917 ut
267 1888 370 1928 aqua
398 1875 581 1915 ascendat
612 1875 660 1915 ad
691 1875 944 1915 mediocrem
982 1876 1232 1917 altitudinem
1270 1878 1312 1918 in
1348 1878 1494 1919 Medio
1522 1879 1627 1933 ipso-

89 1942 180 1971 rum
201 1958 213 1976 ,
252 1929 292 1969 δε
323 1929 427 1968 inter
455 1927 622 1969 affluxus
663 1928 777 1969 binos
805 1928 981 1969 minores
1017 1942 1116 1984 aqua
1152 1930 1338 1972 ascendet
1366 1932 1417 1973 ad
1450 1933 1626 1974 altitudi-

88 1996 184 2025 nem
210 1982 428 2022 minimam.
484 1981 549 2022 Sic
583 1981 709 2035 spatio
753 1981 896 2034 viginti
943 1993 1114 2037 quatuor
1148 1984 1365 2032 horarum,
1414 1997 1514 2039 aqua
1542 1999 1627 2029 non

91 2037 150 2078 bis
175 2045 219 2076 ut
245 2034 331 2075 fieri
356 2034 455 2075 solet
473 2063 485 2081 ,
522 2034 589 2075 sed
619 2035 741 2075 semel
767 2045 920 2084 tantum
947 2038 1152 2089 perveniet
1179 2039 1228 2079 ad
1255 2040 1466 2080 maximam
1492 2041 1624 2081 altitu-

91 2090 231 2131 dinem
250 2087 291 2128 &
317 2087 438 2128 semel
464 2087 514 2128 ad
542 2088 780 2138 minimam3
820 2089 860 2128 &
882 2089 1051 2130 altitudo
1069 2092 1240 2133 maxima
1259 2121 1271 2139 ,
1315 2092 1341 2133 fi
1367 2092 1484 2134 Luna
1502 2094 1626 2135 decli-

91 2153 159 2195 nat
177 2143 218 2183 in
236 2141 375 2194 polum
393 2139 798 2194 supraHorizontem
821 2142 901 2182 loci
923 2175 932 2189 ‚
955 2143 1122 2194 „incidet
1152 2146 1193 2186 in
1217 2146 1357 2186 horam
1384 2147 1447 2189 vel
1477 2148 1628 2190 sextam

89 2198 153 2239 vel
177 2194 413 2237 tricesimam
432 2194 480 2235 ab
504 2195 669 2250 appulsu
695 2195 828 2236 Lunae
854 2194 910 2245 'ads
933 2195 1203 2240 Meridianum
1220 2228 1233 2247 ‚
1262 2209 1384 2254 atque
1412 2201 1529 2242 Luna
1556 2201 1627 2242 de-

90 2250 347 2293 clinationem
378 2257 558 2289 mutante
594 2248 812 2290 mutabitur
855 2249 897 2290 in
943 2249 1163 2298 defluxum.
1220 2253 1409 2309 Quorum
1445 2255 1629 2295 omnium

89 2304 320 2359 exemplum
336 2331 349 2352 ‚
392 2303 436 2345 in
461 2311 582 2357 portu
608 2301 964 2400 regniquudtquini
991 2304 1057 2349 ad⁴
1083 2306 1277 2351 Batsham
1311 2308 1383 2352 -sub
1418 2308 1637 2403 Ῑαῑίἑυάἱῃῗί

509 2380 512 2383 >
1477 2394 1479 2396 .
1514 2371 1608 2403 orca

536 2400 550 2421 ὁ
