2079 3033
427 165 772 223 PRrNCIPIA
814 151 1365 213 MATHEMAT'ICA.
1584 160 1653 215 '181

116 247 284 289 trahitur
314 247 444 289 versus
470 246 652 288 centrum
682 246 741 292 S,
779 246 835 287 est
855 258 898 288 ut
922 249 1081 301 planum
1111 249 1206 289 illud
1237 248 1402 290 duffum
1437 248 1478 289 in
1507 249 1806 299 distan-me

115 303 210 342 tiam
232 304 342 343 suam
364 311 384 339 *f
412 317 439 356 g
460 332 471 350 ,
497 302 574 341 five
602 310 643 340 ut
664 300 757 340 huic
787 302 936 355 aequale
964 303 1123 354 planum
1156 302 1249 343 EF
1262 303 1428 346 duPtum
1444 303 1486 344 in
1504 304 1819 345 distan—Pmmus·
1844 340 1849 341 .

115 357 211 397 tiam
238 358 341 397 illam
375 357 469 410 Pg3
497 356 537 395 &
565 354 715 394 summa
744 355 886 396 virium
923 356 1027 406 plani
1054 358 1258 411 utriusque
1288 368 1332 398 ut
1360 358 1519 411 planum
1561 359 1654 399 EF

113 411 277 451 ducrum
303 411 344 451 in
372 411 563 452 summam
591 407 862 450 distantiarum
894 409 982 449 PG
999 425 1041 448 -i-
1060 411 1154 464 Pg,
1182 412 1225 451 id
1245 412 1322 460 est,
1349 422 1392 452 ut
1412 411 1573 463 planum
1602 413 1648 454 il-

114 465 180 505 lud
209 464 373 505 duclum
401 464 441 503 in
467 463 627 515 duplam
646 463 835 503 centri&
860 463 1084 517 corpusculi
1103 457 1326 506 dist'antiam
1344 466 1445 512 ΡΣ,
1472 465 1551 507 hoc
1571 467 1647 514 est,

113 528 158 559 ut
185 520 349 571 duplum
377 518 535 570 planum
575 516 663 556 EF
684 517 850 558 duclum
888 518 928 557 in
967 516 1188 559 distantiam
1218 520 1326 566 PS,
1364 521 1426 559 vel
1462 529 1506 560 ut
1543 521 1648 562 sum-

112 585 176 613 ma
205 573 646 627 aequalium-planorum
676 571 825 611 EF-÷-
843 573 901 623 ef
913 570 1030 611 ducta
1057 572 1096 612 in
1127 573 1347 613 distantiam
1374 574 1554 615 eandem.
1596 574 1650 615 Et

111 627 219 664 simili
250 635 486 674 argumento
506 654 518 669 ‚
568 625 670 662 vires
699 626 881 664 omniurn
909 625 1119 675 planorum
1148 627 1189 666 in
1218 626 1378 679 Sphaera
1411 637 1495 667 tota
1517 657 1527 675 ,
1555 629 1650 669 hinc

50 678 55 680 ’
111 675 204 717 inde
230 675 433 730 aequaliter
461 690 482 715 a
507 686 649 715 centro
687 674 861 729 Sphaerae
882 676 1109 717 distantium
1128 706 1140 724 ‚
1186 679 1273 718 sunt
1311 691 1355 719 ut
1384 680 1534 721 summa
1572 684 1650 734 pla-

112 743 256 771 norum
284 729 400 771 dufia
424 730 465 770 in
495 729 716 770 distantiam
744 730 853 776 Px,
891 730 968 769 hoc
1005 731 1060 770 est
1081 759 1092 777 ‚
1130 741 1174 770 ut
1214 731 1374 782 Sphaera
1408 744 1493 774 tota
1532 735 1650 777 dacia

111 784 153 825 in
172 785 392 825 distantiam
413 784 541 825 centri
568 784 624 823 sui
652 784 683 823 S
698 798 717 824 a
737 783 974 837 corpusculo
995 784 1048 824 P.
1107 784 1155 840 Q
1176 784 1227 823 E.
1249 785 1310 825 D

166 838 253 892 Cas
275 854 316 878 2.
353 838 506 878 Trahat
528 838 608 890 jam
635 839 914 891 corpusculum
945 838 986 877 P
1014 837 1218 891 Sphaeram
1239 838 1441 880 AEBF.
1502 841 1555 881 Et
1584 856 1650 883 eo-

113 893 209 934 dem
235 903 472 946 argumento
509 892 739 944 probabitur
766 892 878 946 quod
909 892 994 940 vis,
1039 905 1117 946 qua
1151 892 1310 947 Sphaera
1358 894 1421 934 illa
1451 896 1620 937 trahitur
1639 925 1652 945 ,

113 947 189 989 erit
209 959 251 987 ut
271 947 450 987 distantia
468 945 557 986 PS.
618 945 670 1003 Q
684 947 730 986 E.
745 947 806 986 ⁶1).
1042 997 1047 999 α

168 1002 258 1053 Cas
284 1015 317 1054 3.
354 1000 634 1051 Componatur
660 1002 739 1052 jam
773 1000 932 1054 Sphaera
966 1003 1085 1042 altera
1110 1015 1162 1044 ex
1193 1005 1435 1058 corpusculis
1463 1005 1647 1045 innume-

113 1056 164 1096 ris
184 1056 256 1103 P3
290 1056 541 1108 &quoniam
572 1055 754 1108 vissqua
787 1055 1068 1108 corpusculum
1097 1059 1418 1112 unumquodque
1447 1059 1645 1106 trahitur,

98 1109 168 1150 ‘est
192 1118 234 1149 ut
261 1108 442 1149 distantia
470 1108 692 1162 corpusculi
720 1123 740 1149 a
772 1119 914 1149 centro
945 1109 1119 1162 Sphaerae
1143 1112 1280 1163 primae
1300 1112 1416 1153 ducla
1437 1113 1478 1153 in
1509 1112 1646 1165 Sphae-

111 1176 196 1204 ram
223 1162 415 1210 eandem,
444 1173 564 1217 atque
590 1163 693 1202 adeo
714 1162 855 1203 eadem
884 1161 939 1202 est
966 1176 1011 1203 ac
1032 1163 1059 1203 fi
1086 1165 1266 1216 prodiret
1295 1177 1378 1207 tota
1408 1167 1459 1207 de
1481 1167 1644 1218 corpus·
1714 1198 1716 1200 -

113 1219 206 1259 culo
235 1218 355 1258 unico
383 1218 423 1257 in
454 1227 596 1257 centro
625 1216 833 1269 Sphaerae3
872 1217 929 1256 vis
955 1226 1038 1258 tota
1064 1231 1141 1272 qua
1177 1220 1408 1273 corpuscula
1446 1220 1577 1261 omnia
1606 1220 1648 1261 in

113 1272 275 1324 Sphaera
309 1270 480 1311 secunda
505 1271 713 1310 trahuntur
734 1299 745 1317 ‚
782 1271 859 1311 hoc
885 1270 968 1317 est,
1006 1285 1083 1325 qua
1113 1272 1273 1327 Sphaera
1307 1274 1369 1315 illa
1406 1285 1489 1315 tota
1526 1273 1647 1314 trahi-

113 1335 199 1371 tur,
230 1324 370 1365 eadem
398 1325 472 1364 erit
502 1337 547 1363 ac
566 1324 594 1363 s1
620 1323 782 1375 Sphaera
814 1324 877 1363 illa
906 1325 1129 1367 traheretur
1155 1328 1193 1367 vi
1220 1328 1448 1381 prodeunte
1480 1329 1531 1368 de
1556 1341 1646 1368 cor-

111 1380 277 1432 pusculo
306 1378 427 1418 unico
456 1378 498 1416 in
525 1386 667 1416 centro
695 1377 868 1429 Sphaerae
900 1378 1038 1429 primae
1056 1409 1067 1425 ‚
1108 1379 1149 1419 ἅτ
1175 1392 1386 1432 propterea
1415 1383 1646 1436 proportio*-

113 1433 207 1474 nalis
227 1433 283 1473 est
302 1431 493 1472 distantiae
514 1430 618 1470 inter
635 1440 771 1470 centra
789 1430 1051 1482 Sphaerarum.
1112 1433 1224 1487 QE.
1238 1435 1299 1472 D.
1482 1473 1488 1477 „

171 1488 261 1539 Cast
286 1502 321 1537 4.
367 1484 547 1525 Trahant
573 1484 748 1537 Sphaerae
775 1485 813 1524 se
841 1492 981 1524 mutuo
1000 1513 1011 1531 ,
1054 1483 1094 1523 &-
1125 1488 1180 1526 vis
1199 1482 1396 1538 geminata
1416 1490 1646 1542 proportio-

113 1554 206 1583 nem
224 1541 400 1593 priorem
424 1538 602 1591 serqabit.
661 1537 711 1594 Q
731 1538 782 1578 E.
801 1539 863 1577 ‘D
1206 1573 1208 1576 ,
1365 1560 1399 1592 9

170 1596 259 1646 Cas
283 1608 316 1644 5.
354 1593 536 1633 Locetur
559 1591 640 1642 jam
661 1592 982 1643 corpusculump
1003 1592 1105 1631 intra
1135 1593 1341 1644 Sphaeram
1360 1596 1571 1643 AEBF.;
1603 1598 1645 1637 ἅτ

57 1693 66 1698 ,
113 1649 303 1703 quoniam
331 1647 388 1685 vis
415 1644 520 1696 plani
548 1644 680 1695 efinv
698 1643 977 1696 corpusculum
1005 1644 1060 1683 est
1095 1656 1137 1683 ut
1166 1643 1402 1688 contentum
1431 1651 1499 1691 sub
1528 1654 1646 1705 plano

113 1704 180 1745 illo
200 1703 237 1741 &
261 1699 538 1752 distantiapgy
570 1697 611 1736 &
632 1696 689 1736 vis
715 1697 912 1737 contraria
930 1698 1032 1751 plani
1054 1697 1147 1738 EF
1160 1712 1202 1739 ut
1221 1710 1458 1743 contentum
1477 1705 1545 1745 sub
1566 1704 1646 1758 pla-

85 1794 87 1796 .
113 1770 167 1799 no
191 1756 258 1796 illo
286 1756 326 1794 δε
356 1752 537 1793 distantia
559 1750 658 1805 pG;
691 1751 766 1791 erit
793 1752 847 1792 vis
867 1766 919 1792 ex
948 1763 1118 1805 utraque
1146 1756 1365 1808 composita
1387 1768 1429 1796 ut
1460 1758 1647 1799 differen-

113 1813 166 1852 tia
195 1814 503 1852 contentorum,
531 1806 609 1845 hoc
640 1804 716 1852 est,
746 1816 789 1845 ut
816 1806 966 1846 summa
1001 1808 1210 1860 aequalium
1230 1811 1438 1862 planorum
1459 1812 1575 1852 dufla
1604 1813 1644 1852 in

112 1863 305 1908 semissem
324 1859 562 1901 differentiae
580 1859 872 1906 distantiarum,
903 1860 942 1900 id
964 1860 1038 1907 est,
1068 1872 1111 1901 ut
1132 1862 1281 1904 summa
1300 1865 1362 1904 illa
1382 1865 1497 1906 dufia
1517 1867 1558 1907 in
1580 1869 1651 1920 pS

114 1918 333 1960 distantiam
354 1913 576 1966 corpusculi
596 1927 615 1952 a
642 1925 782 1954 centro
803 1913 987 1967 Sphaerae.
1026 1914 1080 1954 Et
1098 1915 1209 1956 simili
1230 1930 1488 1970 argumento,
1506 1931 1649 1961 attrac-

114 1975 173 2015 tio
202 1972 408 2023 planorum
436 1967 616 2007 omnium
645 1967 754 2014 EF,
785 1971 835 2021 ef
858 1969 898 2008 in
929 1967 1089 2021 Sphaera
1117 1980 1224 2018 tota,
1251 1972 1329 2012 hoc
1358 1973 1435 2019 est,
1465 1973 1648 2014 attractio

113 2027 285 2081 Sphaerae
307 2023 451 2068 totius,
481 2021 535 2061 est
563 2033 607 2061 ut
634 2022 1009 2075 summa-planorum
1031 2025 1209 2065 omnium
1231 2055 1241 2071 ,
1269 2027 1332 2066 seu
1352 2027 1511 2078 Sphaera
1541 2038 1647 2076 tota,

114 2079 232 2124 dacia
251 2076 374 2131 inpS
389 2075 611 2115 distantiam
626 2077 848 2129 corpusculi
866 2091 885 2115 a
904 2088 1045 2116 centro
1065 2077 1249 2132 Sphaerae.
1309 2079 1361 2136 Q
1380 2080 1430 2119 E.
1448 2082 1508 2120 D.

68 2141 73 2146 ·
173 2136 255 2186 Cas
286 2136 320 2171 6.
344 2155 347 2156 ν
366 2129 420 2170 Et
442 2128 468 2168 sl
497 2142 548 2169 ex
575 2131 815 2182 corpusculis
834 2131 1050 2171 innumeris
1065 2142 1094 2185 p
1113 2130 1380 2186 componatur
1401 2135 1560 2188 Sphaera
1579 2150 1652 2177 no-

119 2205 185 2236 va,
213 2189 315 2227 intra
334 2185 535 2236 Sphaeram
556 2184 731 2233 priorem
754 2183 1053 2232 AEBFfita3
1085 2187 1317 2239 probabitur
1345 2199 1388 2229 ut
1412 2191 1519 2242 prius
1539 2191 1650 2244 quod

119 2242 323 2287 attraclio,
353 2239 429 2278 five
447 2236 611 2291 fimplex
639 2237 810 2290 Sphaerae
832 2239 948 2279 unius
975 2239 1015 2278 in
1035 2240 1219 2290 alteram,
1250 2243 1326 2283 sive
1353 2255 1490 2284 mutua
1508 2246 1651 2286 utrius-

119 2311 197 2356 que
216 2295 312 2338 inse
331 2294 524 2339 invicem,
552 2291 626 2333 erit
646 2301 690 2332 ut
711 2293 892 2335 distantia
911 2294 1144 2336 cent'rorum
1158 2306 1186 2350 p
1202 2297 1239 2337 S.
1298 2297 1483 2356 QED.

913 2399 950 2440 Z
980 2416 998 2450 3
1499 2405 1649 2447 PRQ
