2079 3033
347 193 402 233 1³6-
635 184 1140 232 PHILOSOPHIAE
1184 183 1606 228 NATURALIS÷

154 277 334 311 Damm-
352 283 419 317 tur
437 287 545 318 vere.
603 273 769 317 Mutant
789 275 896 315 enim
925 273 1141 328 positiones
1169 272 1252 313 suas
1281 271 1332 312 ad
1350 272 1525 313 invicem
1553 271 1569 323 ζ
1572 271 1682 313 secus
1709 275 1909 329 quamfie

156 328 325 360 mouns.
351 331 396 373 in
423 344 518 372 vere
547 330 1050 383 quiescentibus),unaque
1078 341 1181 369 cum·
1200 327 1316 367 coelis
1345 326 1466 367 delati
1496 327 1733 381 participant
1757 343 1912 372 eorum

354 395 511 433 motus,
542 387 583 425 ἃ
605 395 647 425 ut
676 394 805 438 partes
834 384 1126 426 revolventium
1155 391 1361 428 totorum,
1389 380 1447 421 ab?
1468 394 1609 423 eorum
1628 383 1766 424 axibus
1792 386 1903 426 rece-

358 440 456 482 dere
476 451 683 480 conantur.

417 495 542 548 Igitur
561 494 799 547 quantitates
819 494 993 534 relativae
1012 505 1094 532 non
1120 491 1209 532 sunt
1238 503 1295 532 eae
1324 493 1417 545 ipsae
1445 492 1704 546 quantitates,
1734 505 1917 546 quarum>
1936 492 1939 493 ⁷
1960 527 1967 533 ,.

357 550 524 597 nomina
546 562 628 602 prae
674 550 712 588 se
751 549 906 595 ferunt,
935 547 1004 588 sed
1042 558 1180 586 earum
1209 547 1404 588 mensurae
1430 547 1505 587 illae
1536 547 1731 588 sensibiles
1771 548 1922 598 (veraesv

358 621 408 648 an
436 607 642 653 errantes)
673 604 814 657 quibus
845 603 984 656 vulgus
1013 602 1107 642 loco
1133 600 1403 654 quantitatum
1435 601 1747 642 mensuratarum
1769 602 1923 643 utitur„

358 664 418 703 At
448 659 476 699 fi
505 672 557 698 ex
586 659 656 699 usu
685 657 930 698 definiendaer
947 656 1035 697 sunt
1054 655 1273 696 verborum
1292 651 1727 710 fignificatibnessper
1744 658 1923 698 nomina„

358 717 421 757 illa
443 713 690 766 Temporis,
729 712 852 766 Spatii
871 743 882 759 ,
920 711 1025 751 Loci
1056 711 1097 765 δε
1129 709 1271 751 Motus
1300 711 1462 764 proprie
1490 711 1761 764 intelligendae
1790 724 1916 753 erunt

358 771 423 812 hae
442 768 662 813 mensu1·ae,;
696 767 736 807 δε
757 767 888 807 sermo
914 767 989 806 erit
1007 765 1177 805 insolens
1197 764 1237 805 δε
1258 777 1357 818 pure
1378 765 1712 813 Mathematicus,
1739 766 1767 806 fi
1786 779 1912 819 quan-

324 863 328 870 ,
360 825 496 865 titates
526 820 762 863 mensurat-ee
789 822 854 862 hic
885 821 1173 873 intelligantur.
1230 819 1410 861 Proinde
1448 820 1530 861 vim
1567 820 1746 860 inferunt
1785 821 1912 862 Sacris

361 878 513 920 Literis
532 906 543 925 ,
578 876 647 931 qui
673 889 793 917 voces
821 875 935 916 hasce
962 875 1013 914 de
1043 874 1331 928 quantitatibus
1358 874 1594 915 mensuratis
1634 874 1688 914 ibi
1718 875 1916 929 interpre-

362 943 510 974 tantur.
572 932 718 984 Neque
750 932 878 971 minus
908 930 1181 970 contaminant
1212 928 1412 969 Mathefin
1442 929 1483 968 &
1504 928 1818 982 Philosophiam,
1847 930 1918 983 qui

365 987 609 1040 quantitates
639 999 750 1027 veras
778 998 872 1026 cum
901 983 1363 1039 ipsarumrelationibus
1393 983 1439 1024 δε.
1465 983 1691 1036 vulgaribus
1721 984 1916 1026 mensuris

368 1041 640 1083 confundunt.
1931 1076 1935 1078 ,

424 1096 568 1136 Motus
600 1095 778 1148 quidem*
798 1106 915 1134 veros
952 1105 1184 1146 corporum-
1212 1092 1454 1146 singulorum
1492 1092 1767 1147 cognoscere,
1798 1093 1840 1134 δε
1868 1093 1933 1134 ab=

368 1150 649 1205 apparentibus
680 1149 767 1189 aff’tu
799 1148 1070 1188 discriminare
1091 1176 1102 1194 ,
1129 1146 1414 1187 difficillimum
1443 1148 1526 1187 est:
1559 1157 1774 1200 propterea
1803 1148 1918 1202 quod

367 1215 501 1257 partes
523 1205 636 1257 spatii
655 1205 758 1245 illius
789 1202 1003 1244 immobilis
1023 1232 1034 1249 ,
1072 1202 1112 1242 in
1141 1215 1223 1256 quo
1246 1215 1417 1254 corpora
1439 1214 1533 1241 vere
1562 1211 1807 1251 moventur,
1834 1215 1932 1244 non*

368 1260 580 1300 incurrunt
599 1259 641 1299 in
661 1258 801 1299 sensus.
861 1258 989 1298 Causa
1017 1267 1150 1297 tamen
1171 1269 1253 1296 non
1283 1256 1339 1295 est
1358 1255 1515 1308 prorsus
1542 1255 1757 1308 desperata.
1814 1257 1933 1298 Nam

368 1314 585 1367 suppetunt
616 1322 882 1365 argumenta,
919 1312 1063 1365 partim
1110 1324 1162 1351 ex
1199 1310 1377 1350 motibus
1414 1311 1694 1363 apparentibus
1732 1311 1918 1364 quisunt

369 1378 558 1409 motuum
587 1380 776 1407 verorum
815 1366 1053 1406 differentiae
1074 1394 1084 1411 ‚
1140 1365 1287 1418 partim
1325 1378 1389 1404 ex,
1416 1364 1564 1404 viribus
1593 1377 1685 1417 quae
1715 1365 1802 1405 sunt
1831 1379 1920 1407 mo-

371 1433 487 1463 tuum
508 1435 697 1462 verorum
717 1421 842 1461 causae
871 1420 911 1460 δε
930 1419 1105 1460 effestu&
1165 1418 1221 1459 Ut
1249 1418 1276 1458 fi
1305 1418 1414 1471 globi
1434 1419 1537 1463 duo,
1565 1419 1615 1458 acl
1641 1420 1773 1460 datam
1792 1419 1840 1460 ab
1861 1421 1921 1461 in-

371 1477 506 1517 vicem
535 1476 756 1516 distantiam
794 1475 862 1515 filo
898 1474 1178 1514 intercedente
1220 1473 1425 1520 connexi,
1473 1473 1777 1514 revolverentur
1815 1475 1921 1516 circa

373 1542 593 1570 commune
630 1529 829 1581 gravitatis
868 1538 1053 1567 centrum
1077 1544 1087 1572 ;
1134 1527 1401 1566 innotesceret
1432 1540 1484 1567 ex
1512 1526 1690 1567 tensione
1719 1527 1773 1568 fili
1802 1541 1923 1569 cona-

374 1594 438 1624 tus
467 1583 682 1636 globorum
711 1581 931 1622 recedendi
961 1581 1008 1619 ab
1039 1594 1112 1619 axe
1142 1590 1276 1619 motus
1295 1609 1306 1626 ‚
1352 1579 1394 1619 &
1430 1580 1526 1621 inde
1563 1582 1760 1632 quantitas
1789 1593 1937 1625 motus*

374 1637 585 1678 circularis.
608 1634 833 1686 computari
864 1633 1002 1685 poss'et.
1058 1632 1222 1671 Deinde
1256 1632 1281 1670 fi
1309 1633 1413 1671 vires
1446 1633 1633 1684 quaelibet
1672 1637 1842 1687 aequales
1879 1638 1922 1678 in

376 1692 543 1732 alternas
572 1688 787 1743 globorum
814 1687 933 1726 facies
963 1686 1012 1725 ad
1043 1696 1200 1725 motum
1228 1685 1463 1724 circularem
1491 1686 1720 1738 augendum
1757 1690 1820 1729 vel
1848 1691 1922 1731 mi-

374 1745 585 1786 nuendum
613 1743 724 1783 simul
754 1741 1101 1794 imprimerentur,
1129 1739 1401 1780 innotesceret
1431 1753 1482 1780 ex
1509 1739 1622 1781 aneia
1641 1742 1703 1781 vel
1723 1742 1935 1786 diminuta

376 1799 434 1841 fili
463 1798 641 1840 tensione
670 1806 931 1850 augmentum
960 1796 1021 1834 vel
1051 1794 1357 1834 decrementum
1384 1804 1543 1840 motus,
1575 1795 1729 1837 &inde
1758 1799 1937 1842 tandem:

375 1853 548 1894 inveniri
574 1850 728 1905 possent
767 1850 887 1891 facies
916 1849 1130 1902 globorum
1158 1848 1199 1888 in
1237 1860 1334 1901 quas
1363 1848 1469 1889 vires
1500 1849 1676 1902 imprimi
1704 1851 1935 1904 deberent‚..

377 1917 423 1948 ut
442 1917 576 1948 motus
595 1906 767 1947 maxime
786 1914 1023 1957 augeretur-3
1054 1903 1094 1943 id
1112 1902 1187 1950 est,
1216 1901 1338 1942 facies
1358 1903 1541 1955 posticae,
1567 1903 1644 1944 five
1664 1918 1755 1959 quae
1773 1907 1814 1947 in
1835 1921 1935 1949 mo...

377 1971 424 2003 tu
450 1960 632 2002 circulari
659 1960 887 2014 sequuntur.
944 1957 1130 2011 Cognitis
1158 1966 1291 1997 autem
1318 1956 1507 1997 faciebus
1543 1971 1634 2012 quae
1679 1960 1938 2015 sequuntur„

377 2017 422 2056 δε
452 2015 629 2057 faciebus
659 2013 851 2067 oppositis
881 2025 971 2066 quae
999 2011 1259 2064 praecedunt,
1293 2012 1605 2064 cognosceretur
1635 2014 1920 2063 determinatio

377 2080 524 2111 motus.
580 2069 623 2109 In
660 2069 766 2109 hunc
796 2068 965 2108 modum
994 2065 1164 2107 inveniri
1191 2064 1318 2119 posset
1356 2065 1398 2105 δε
1434 2067 1629 2120 quantitas
1659 2068 1701 2109 δε
1731 2069 1934 2112 determi-¹>

379 2125 491 2166 natio
521 2134 653 2165 motus
683 2122 795 2176 hujus
834 2121 1032 2162 circularis
1062 2122 1102 2161 in
1141 2133 1268 2161 vacuo
1297 2121 1439 2173 quovis
1465 2121 1660 2162 immenso
1678 2152 1701 2170 ,γ
1726 2124 1793 2165 ubi
1823 2126 1936 2166 nihilz

378 2188 534 2219 extaret
564 2188 775 2218 externum
808 2177 848 2217 δε
885 2175 1060 2217 sensibile
1089 2188 1267 2228 quocum
1304 2174 1414 2227 globi
1441 2175 1631 2216 conferri·
1652 2177 1819 2230 possent.
1877 2180 1933 2222 Si

375 2233 455 2285 jam
484 2232 822 2273 constituerentur
848 2231 890 2271 in
926 2230 1052 2283 spatio
1084 2230 1153 2270 illo
1183 2242 1353 2284 corpora
1380 2230 1508 2283 aliqua
1540 2230 1757 2286 longinqua
1784 2233 1937 2276 datam>

379 2288 485 2327 inter
512 2288 549 2327 se
579 2286 816 2339 positionem
844 2284 1035 2326 servantia
1056 2312 1068 2331 ,
1107 2285 1236 2338 qualia
1266 2285 1354 2325 sunt
1382 2283 1515 2324 Stellae
1541 2283 1650 2324 Fixae
1678 2286 1718 2327 in
1746 2289 1921 2341 regioni.

380 2342 453 2382 bus
473 2341 632 2381 nostris:
663 2341 750 2381 sciri
770 2340 936 2395 quidem
956 2351 1038 2379 non
1060 2338 1188 2392 posset
1207 2352 1259 2379 ex
1276 2337 1437 2378 relativa
1457 2338 1671 2391 globorum
1700 2342 1923 2387 transsatio-

382 2409 432 2438 ne
453 2396 557 2438 inter
579 2408 771 2450 corpora,
803 2404 939 2437 utrum
965 2393 1024 2435 his
1049 2406 1098 2435 an
1122 2393 1195 2435 illis
1216 2391 1451 2435 tribuendus
1479 2392 1574 2435 esset
1603 2403 1749 2438 motus.
1805 2401 1864 2439 At
1891 2400 1938 2441 132

1792 2461 1922 2496 asten*
1934 2482 1938 2485 -
