2079 3033
407 179 491 233 '466
643 139 647 143 ’
721 127 1668 217 patrosoiafflffiinmufflms

209 276 260 308 θη
278 260 517 305 Μυκιςιηοᾶοὸ
573 258 669 311 Jau.
702 269 718 296 ι
727 269 762 303 3·
799 251 939 293 Cauda
967 252 1057 303 luce
1092 250 1179 291 satis
1208 249 1373 291 sensibili
1403 248 1688 290 terminabatur
1716 249 1819 293 inter
1846 254 1949 295 Ala-

211 315 517 359 53312MA12›me·ch
547 314 588 354 ἅτ
616 309 760 364 Algol,
796 306 838 346 δε
868 307 955 347 luce
984 304 1209 346 tenuissima
1238 303 1439 344 defluebat
1467 316 1489 344 e
1520 303 1686 356 regione
1715 303 1831 345 stellae
1857 326 1880 347 κ
1906 309 1949 349 in

413 373 536 414 latere
566 365 719 417 Persti.
776 360 970 402 Distantia
998 360 1159 401 termini
1188 357 1326 400 caudae
1356 371 1377 398 a
1405 357 1557 398 circulo
1586 357 1724 397 Solem
1745 357 1785 397 δε
1803 358 1952 402 Come-

415 436 497 467 tam
521 421 713 474 jungente
743 425 828 457 erat
858 421 928 463 3g¹·
957 415 1046 465 50¹,
1085 414 1125 454 ἃ
1155 413 1359 454 inclinatio
1388 412 1552 452 chordae
1583 410 1720 451 caudae
1749 411 1799 452 ad
1828 412 1953 456 circu-

415 482 498 522 lum
534 475 643 516 illum
684 472 781 522 82⁸¹:
836 474 929 519 Jan.
966 483 1017 519 25
1055 468 1097 509 δε
1133 472 1184 508 26
1223 469 1312 508 luce
1348 467 1459 507 tenui
1493 465 1665 506 micabat
1703 466 1753 506 ad
1784 466 1960 520 longitu-

418 533 554 574 dinem
587 527 783 582 graduum
816 528 839 564 6
864 525 927 564 vel
954 537 1000 573 73
1032 522 1072 563 &
1099 522 1169 562 ubi
1199 522 1351 562 coelum
1371 520 1486 561 valde
1507 521 1691 561 serenum
1712 530 1823 568 erat,
1868 522 1960 563 luce

419 583 643 627 tenuissima
679 581 719 621 δε
761 579 969 632 aegerrime
996 575 1160 618 senfibili
1190 575 1408 629 attingebat
1435 574 1733 628 longitudinem
1761 574 1962 628 graduum

418 638 638 681 duodecim
676 635 716 676 &
753 633 870 688 paulo
909 633 1022 673 ultra.
1079 630 1337 684 Dirigebatur
1375 638 1508 669 autem
1538 628 1620 680 ejus
1649 629 1729 669 axis
1760 629 1808 670 ad
1839 629 1965 671 Luci-

418 694 512 735 dam
539 694 581 733 in
605 692 776 732 humero
806 686 989 727 orientali
1017 685 1183 737 Aurigae
1215 692 1423 731 accurate,
1451 682 1636 736 adeoque
1663 682 1886 726 declinabat
1915 684 1964 725 ab

416 746 671 801 oppositione
701 743 801 785 Solis
829 742 995 782 bor-eam
1024 739 1156 780 versus
1185 737 1228 779 in
1255 737 1403 789 angulo
1438 736 1636 789 graduum
1666 736 1820 778 decem.
1879 738 1965 780 De-

417 804 541 857 nique
580 800 672 840 Feb.
714 811 773 838 10.
810 795 993 836 Caudam
1031 792 1157 833 oculis
1194 791 1355 832 armatis
1392 790 1523 843 aspexi
1561 789 1705 843 gradus
1747 791 1849 832 duos
1878 792 1967 835 lon-

421 869 525 911 gam.
578 854 683 894 Nam
719 853 787 892 lux
824 846 1013 903 praedicta
1048 846 1208 887 tenuior
1243 857 1316 898 per
1352 844 1454 884 vitra
1491 856 1574 883 non
1611 846 1803 897 apparuit.
1861 846 1968 887 Pon-

425 910 551 951 thaeus
593 917 728 948 autem
766 904 860 945 Feb,
898 916 934 952 7.
977 901 1016 942 se
1053 898 1226 940 caudam
1263 898 1313 938 ad
1347 897 1647 951 longitudinem
1683 897 1881 952 graduum
1920 912 1968 940 12

422 962 563 1005 'vidisse
581 961 729 1003 scribit.
1156 990 1159 993 .
1968 969 1973 973 .

459 1017 633 1058 Orbem
658 1014 740 1066 jam
767 1010 1010 1062 descriptum
1041 1007 1231 1061 spectanti
1257 1006 1300 1047 δε
1328 1005 1481 1059 reliqua
1499 1004 1686 1051 Cometae
1712 1006 1827 1060 hujus
1854 1007 1971 1050 Phae-

421 1066 663 1114 nomena'in
690 1066 825 1106 animo
850 1063 1095 1109 revolventi,
1132 1061 1239 1102 haud
1270 1059 1488 1101 difficulter
1516 1060 1708 1101 constabit
1737 1062 1850 1115 quod
1880 1076 1971 1105 cor-

422 1139 520 1179 pora
554 1124 820 1163 Cometarum
849 1118 938 1159 sunt
975 1117 1098 1158 solida
1121 1144 1132 1162 ‚
1169 1114 1374 1168 compacta
1393 1143 1405 1162 ‚
1442 1114 1519 1156 fixa
1546 1128 1591 1154 ac
1611 1113 1803 1155 durabilia
1830 1116 1880 1157 ad
1908 1117 1969 1158 in-

423 1179 498 1219 star
528 1181 746 1231 corporum
775 1173 1045 1214 Plane—tarum.
1097 1170 1202 1211 Nam
1229 1169 1257 1209 fi
1283 1169 1379 1209 nihil
1411 1168 1518 1209 aliud
1547 1167 1672 1209 essent
1698 1181 1818 1221 quam
1847 1183 1969 1225 vapo-

421 1246 487 1275 res
514 1233 576 1273 vel
606 1228 874 1271 exhalationes
891 1225 1059 1271 Terrae,
1089 1224 1189 1265 Solis
1218 1223 1259 1264 &
1285 1219 1562 1269 Planetar'u'm,
1590 1222 1766 1264 Cometa
1785 1223 1900 1265 hicce
1928 1226 1971 1267 in

425 1286 590 1328 transitu
617 1286 687 1325 suo
714 1296 786 1337 per
814 1280 999 1321 viciniam
1025 1279 1126 1319 Solis
1149 1278 1278 1318 statim
1300 1277 1474 1330 dissipari
1500 1275 1707 1332 debuisset.
1766 1276 1836 1317 Est
1861 1279 1971 1321 enim

426 1342 534 1382 calor
563 1339 663 1380 Solis
689 1348 732 1377 ut
760 1335 963 1377 radiorum
996 1332 1189 1379 densitas,
1219 1331 1299 1371 hoc
1325 1331 1403 1378 est,
1430 1330 1637 1383 reciproce
1666 1339 1711 1369 ut
1729 1331 1970 1383 quadratum

429 1394 623 1435 distantiae
649 1392 832 1443 locorum
858 1403 878 1428 a
906 1388 1011 1429 Sole.
1067 1386 1247 1440 Ideoque
1275 1398 1367 1425 cum
1398 1384 1576 1425 distantia
1611 1384 1797 1425 Cometae
1824 1399 1845 1426 a
1876 1400 1971 1429 cen-

430 1459 496 1489 tro
522 1446 622 1489 Solis
659 1444 845 1485 Decemb.
878 1442 911 1482 8.
940 1442 1008 1482 ubi
1035 1441 1077 1481 in
1106 1439 1305 1481 Perihelio
1335 1438 1560 1480 versabatur
1579 1466 1591 1484 ,
1627 1437 1722 1479 effet
1749 1439 1798 1480 ad
1829 1440 1973 1483 distan-

428 1503 526 1543 tiam
553 1501 697 1541 Terrae
726 1513 747 1538 a
775 1506 918 1538 centro
945 1496 1045 1536 Solis
1071 1504 1116 1535 ut
1145 1498 1168 1534 6
1196 1494 1246 1534 ad
1270 1507 1372 1533 1000
1398 1493 1582 1540 circiter,
1612 1492 1719 1532 calor
1738 1493 1838 1534 Solis
1865 1496 1972 1549 apud

432 1557 651 1597 Cometam
692 1566 742 1593 eo
780 1563 965 1604 ternpore
1003 1559 1086 1590 erat
1123 1548 1174 1589 ad
1212 1549 1387 1588 calorem
1414 1547 1515 1587 Solis
1545 1546 1666 1586 aestivi
1694 1546 1800 1600 apud
1829 1561 1901 1590 nos
1929 1560 1975 1591 ut

435 1623 622 1650 1000000
647 1607 698 1648 ad
728 1610 774 1654 36
793 1636 804 1653 ,
842 1605 910 1645 seu
946 1603 1081 1643 28000
1108 1603 1158 1643 ad
1193 1616 1226 1643 1.
1281 1602 1361 1649 Sed
1389 1602 1497 1641 calor
1524 1612 1638 1653 aquae
1666 1600 1888 1643 ebullientis
1918 1604 1974 1644 est

436 1664 543 1719 quafi
573 1663 692 1714 triplo
722 1660 846 1712 major
875 1670 995 1712 quam
1021 1657 1130 1697 calor
1157 1669 1281 1709 quem
1317 1664 1421 1694 terra
1457 1653 1563 1694 arida
1592 1653 1768 1707 concipit
1798 1655 1847 1695 ad
1876 1656 1976 1697 aesti-

437 1732 531 1759 vum
571 1717 704 1757 Solem
724 1742 737 1761 ‚
775 1724 818 1753 ut
847 1721 1035 1762 expertus
1069 1710 1184 1748 sum:
1225 1709 1268 1747 δε
1295 1708 1403 1747 calor
1427 1707 1522 1746 ferri
1549 1706 1756 1747 candentis
1792 1708 1841 1754 (si
1867 1711 1974 1752 rerffie

438 1771 664 1824 conjeftor)
695 1766 802 1820 quasi
829 1764 949 1813 triplo
979 1763 1042 1802 vel
1069 1760 1294 1815 quadruplo
1313 1759 1437 1813 major
1456 1773 1577 1814 quam
1596 1760 1704 1800 calor
1723 1774 1836 1814 aquae
1863 1763 1982 1805 ebul-⁷

436 1825 598 1869 lientis;
638 1821 824 1873 adeoque
861 1817 968 1858 calor
998 1828 1119 1869 quem
1147 1825 1249 1855 terra
1279 1814 1387 1854 arida
1421 1813 1526 1866 apud
1553 1814 1768 1856 Cometarn
1795 1816 1837 1855 in
1863 1817 1975 1859 Peri-

438 1879 545 1920 helio
572 1876 795 1918 versantem
821 1885 873 1924 ex¹
898 1869 1015 1911 radiis
1046 1869 1244 1910 Solaribus
1283 1867 1500 1918 concipere
1529 1866 1655 1918 poffet
1674 1895 1686 1913 ‚
1730 1869 1836 1922 quasi
1868 1885 1975 1912 2000

438 1932 590 1973 vicibus
629 1928 752 1981 major
791 1938 912 1981 quam
949 1924 1057 1964 calor
1094 1923 1188 1963 ferri
1227 1921 1445 1962 candemis.
1501 1919 1640 1961 Tanto
1680 1933 1813 1963 autem
1843 1925 1974 1966 calore

439 1998 604 2040 vapores
633 1985 671 2024 ἃ
703 1976 1233 2031 exhalatione8,.omnisque
1262 1976 1426 2016 materia
1450 1974 1619 2017 volatilis
1641 1974 1769 2017 statim
1795 1978 1974 2021 consumi

437 2054 482 2081 ac
502 2037 673 2092 dissipari
690 2033 925 2077 debuissent.

496 2095 670 2135 Cometa
705 2090 826 2143 igitur
864 2089 905 2128 in
937 2085 1137 2128 Perihelio
1174 2085 1244 2126 suo
1280 2084 1454 2124 calorem
1490 2082 1727 2124 immensum
1758 2085 1807 2127 ad
1837 2086 1972 2129 Sol-em

440 2148 658 2200 concepit,
702 2146 744 2185 δε
787 2143 961 2184 calorem
997 2141 1104 2181 illum
1140 2136 1356 2180 diutiffirne
1392 2138 1626 2178 conservare
1663 2139 1802 2190 potest.
1869 2142 1974 2183 Nam

427 2203 579 2255 ¹globus
604 2200 700 2241 ferri
727 2196 935 2238 candentis
960 2195 1132 2248 digitum
1158 2206 1283 2234 unum
1311 2193 1431 2238 latus,
1467 2191 1643 2232 calorem
1671 2191 1783 2233 suum
1812 2208 1974 2236 omnem

434 2256 564 2309 ‘spatio
585 2254 700 2295 ‘horae
723 2253 837 2293 unius
865 2250 906 2290 in
930 2262 1021 2290 aere
1051 2246 1355 2288 confistens.vix
1381 2246 1613 2294 amitteret„
1653 2245 1811 2288 Globus
1841 2260 1973 2290 autem

439 2310 564 2362 major
591 2310 764 2349 calorem
792 2304 940 2346 diutius
967 2302 1219 2344 conservaret
1251 2301 1301 2340 in‘
1320 2299 1474 2340 ratione
1508 2299 1723 2346 diametri,
1763 2313 1973 2357 propterea

438 2364 551 2420 quod
585 2361 824 2417 superficies·
847 2358 919 2412 (ad
956 2356 1066 2410 cujus
1100 2355 1322 2398 mensuram
1361 2366 1431 2407 per
1469 2353 1700 2396 contactum
1728 2357 1825 2396 aeris
1852 2355 1974 2397 ambi-

1703 2418 1712 2426 ·
1873 2410 1981 2452 entis
