2079 3033
360 176 708 222 PRINCIPIA
764 177 1322 225 MATHEMATIC'A.
1574 196 1657 232 223

105 260 363 318 conjunctim.
421 260 544 315 Igitur
562 268 606 301 ut
635 267 766 313 partes
792 260 869 302 illae
889 262 962 303 fint
992 265 1089 306 totis
1111 264 1451 319 proportionales,
1479 262 1644 305 debebit
1689 270 1835 319 Lun-

103 318 317 361 resistenti-a
344 316 385 357 &
414 327 569 368 tempus
598 313 841 365 conjunff’tim
878 316 954 357 effe
992 328 1035 358 ut
1074 330 1219 361 motus.
1279 317 1456 359 Proinde
1485 328 1644 372 tempus
1664 310 1837 341 Szcunnvs.

104 375 180 415 erit
219 383 264 414 ut
301 381 434 412 motus
472 366 623 428 directe
664 369 713 408 ἃ
759 369 973 412 resistentia
1012 373 1176 415 inverse.
1235 376 1374 428 Qare
1412 383 1645 427 temporum

104 427 306 482 particulis
336 427 377 466 in
405 438 450 465 ea
480 432 634 482 ratione
664 422 852 475 sumptis,
882 439 1052 479 corpora
1080 429 1264 469 amittent
1291 429 1446 482 semper
1474 428 1647 482 particu-

104 485 156 524 las
182 492 367 522 motuum
395 478 714 539 proportionales
744 478 841 519 totis
864 509 875 527 ,
920 483 1106 535 adeoque
1144 484 1375 525 retinebunt
1410 482 1645 524 velocitates

105 538 147 578 in
173 536 326 576 ratione
351 534 487 586 prima.
545 530 600 570 ht
628 530 681 572 ob
708 531 842 572 datam
872 536 1130 576 velocitatum
1169 539 1389 583 rationem,
1417 537 1644 578 describent

105 587 400 703 {mpgrgatia
417 597 508 639 quae
529 584 618 625 sunt
638 596 682 626 ut
703 586 936 645 velocitates
964 591 1102 644 primae
1123 591 1164 631 δε
1185 602 1367 646 tempora
1384 590 1643 644 eonjunfiim

157 722 279 763 Corol.
311 734 341 760 1.
378 719 504 773 Igitur
526 717 553 758 fi
575 718 885 773 aequivelocibus
904 718 1140 772 corporibus
1170 718 1359 761 refissitm·
1386 722 1427 763 in
1446 723 1647 778 duplicata.

101 778 254 819 ratione
289 774 608 815 diametrorum:
655 772 782 814 Globi
820 773 1067 827 homogenei
1105 771 1410 826 quibuscunque
1446 790 1540 819 curn
1578 793 1647 820 ve-

102 829 327 878 locitatibus
355 828 488 875 moti,
523 827 789 868 describendo
829 827 948 881 spatia
974 827 1182 867 diametris
1204 826 1279 867 suis
1305 832 1643 881 proportionalia,

102 885 286 926 amittent
320 893 452 937 partes
484 892 669 922 motuum
701 882 1022 935 proportionales
1060 881 1168 923 totis,
1213 880 1357 922 Motus
1387 885 1494 924 enirn
1521 885 1648 927 Globi

104 938 292 991 cujusque
321 937 396 977 erit
433 946 476 976 ut
516 935 600 989 ejus
638 937 828 977 velocitas
860 937 900 976 ὁὶ
931 935 1057 976 Maffa
1094 935 1337 989 conjuncftim
1359 965 1370 983 ,
1407 937 1447 991 id
1480 938 1535 978 est
1555 968 1566 986 ,
1602 950 1649 980 ut

31 992 41 996 χ
101 993 294 1039 velocitas
323 990 517 1030 &cubus
547 990 763 1038 diametri;
801 990 1016 1031 refistentia
1053 992 1153 1044 (per
1183 990 1468 1044 Hypothefinv)
1499 993 1576 1033 erit
1602 1004 1649 1035 ut

91 1047 340 1101 quadratum
361 1045 547 1086 diametri
565 1044 606 1084 &
625 1044 865 1097 quadratum
887 1045 1110 1085 velocitatis
1129 1045 1398 1097 conjunffim3
1430 1046 1471 1086 δε
1489 1057 1649 1102 tempus

80 1103 196 1154 (per
223 1099 324 1140 hane
353 1098 704 1152 propositionem)
734 1099 789 1139 est
819 1099 861 1139 in
890 1100 1046 1140 ratione
1075 1099 1209 1153 priore
1238 1098 1390 1139 direzfte
1420 1101 1458 1141 82
1487 1102 1647 1144 ratione

97 1153 318 1206 posteriore
345 1152 520 1201 inverse,
548 1153 590 1193 id
612 1152 691 1200 est,
718 1163 764 1194 ut
790 1153 987 1195 diameter
1013 1152 1165 1194 directe
1184 1154 1224 1193 δε
1245 1154 1644 1204 velocitas,inverse;

98 1209 283 1262 adeoque
326 1207 493 1261 spatium
552 1208 751 1262 (tempori
790 1208 836 1250 ’δε
872 1208 1077 1250 velocitati
1113 1208 1438 1262 proportionale)
1496 1210 1553 1251 est
1600 1221 1645 1253 ut

101 1263 308 1304 diameter.

153 1343 278 1383 Corol.
304 1356 340 1382 2.
377 1342 417 1382 Si
445 1341 753 1396 aequivelocibus
778 1343 1016 1397 corporibus
1042 1343 1230 1385 resistitur
1257 1345 1299 1385 in
1325 1345 1480 1387 ratione
1497 1346 1641 1401 sesqui-

98 1398 218 1438 altera
252 1396 567 1437 diametrorum:
607 1395 1004 1449 Globihomogenei
1034 1398 1337 1452 quibuscunque
1367 1413 1460 1441 cum
1488 1402 1639 1442 veloci-

99 1452 244 1492 tatibus
271 1450 402 1496 moti,
444 1449 709 1490 describendo
735 1449 856 1502 spatia
882 1451 924 1490 in
952 1450 1199 1504 sesquialtera
1238 1452 1392 1492 ratione
1418 1454 1638 1495 diametro-

99 1519 212 1552 rum,
240 1504 572 1556 amittentpartes
594 1514 776 1545 motuum
798 1504 1116 1558 proportionales
1136 1504 1243 1544 totis.

154 1580 277 1620 Corol.
309 1593 341 1626 3.
380 1578 434 1618 Et
462 1579 756 1624 universaliter,
785 1577 812 1617 fi
839 1578 1150 1629 aequivelocibus
1187 1580 1421 1631 corporibus
1451 1580 1638 1622 refistitur

99 1634 141 1674 in
161 1633 317 1673 ratione
336 1632 540 1684 dignitatis
568 1631 839 1682 cujuscunque
865 1631 1155 1671 diametrorum
1177 1645 1185 1670 ε
1216 1633 1335 1682 spatia
1354 1634 1496 1686 quibus
1516 1634 1644 1676 Globi

101 1686 366 1739 homoge‘nei‚
391 1685 695 1738 quibuscunque
722 1696 816 1724 cum
845 1684 1123 1726 velocitatibus
1149 1686 1270 1732 moti,
1299 1688 1483 1728 amittent
1511 1700 1642 1742 partes

100 1738 624 1793 metuumlproportionales
652 1737 766 1785 totis,
798 1747 915 1778 erunt
941 1748 987 1779 ut
1012 1739 1104 1779 cubi
1127 1738 1419 1782 diametrorum
1446 1742 1495 1782 ad
1516 1743 1648 1796 digni-

101 1805 224 1836 tatem
240 1795 344 1835 illam
362 1793 558 1846 applicati.
615 1792 747 1833 Sunto
774 1792 959 1833 diametri
980 1792 1021 1833 D
1041 1793 1080 1832 δε
1106 1794 1162 1835 E:
1195 1794 1234 1833 δε
1256 1795 1282 1835 fi
1301 1795 1548 1844 resistentiae,
1578 1797 1649 1839 ubi

101 1849 332 1896 velocitates
360 1848 530 1900 aequales
550 1857 774 1900 ponuntur,
806 1846 878 1886 sint
899 1859 944 1887 ut
964 1847 1020 1887 D„
1040 1847 1080 1886 &
1100 1848 1168 1890 En:
1198 1848 1317 1902 spatia
1337 1850 1480 1903 quibus
1499 1851 1623 1892 Globi
1636 1880 1648 1898 ‚

102 1903 403 1956 quibuscunque
437 1914 538 1940 cum
578 1901 857 1942 velocitatibus
900 1901 1045 1950 moti„
1072 1904 1256 1943 amittent
1293 1915 1423 1955 partes
1462 1916 1648 1946 motuum

101 1956 419 2010 proportionales
449 1955 571 2000 totis;
604 1965 721 1995 erunt
752 1964 795 1995 ut
826 1954 948 1994 D³*⁷²
977 1955 1017 1996 δε
1049 1954 1179 1997 ΕΞ-η.
1236 1958 1360 2011 igitur
1379 1959 1646 2001 describendo

101 2010 219 2063 spatia
248 2008 336 2062 ipfis
363 2008 486 2048 D³-⁷²
514 2008 555 2048 &
583 2008 700 2049 E³-²²
728 2008 1064 2062 proportionalia,
1093 2010 1322 2053 retinebunt
1349 2014 1579 2056 velocitates
1604 2014 1647 2055 in

102 2064 244 2105 eadem
265 2063 418 2103 ratione
438 2061 488 2101 ad
511 2062 683 2104 invicem
703 2077 748 2104 ac
766 2063 834 2104 sub
854 2062 983 2104 initio.

159 2139 281 2179 Corol.
310 2152 345 2188 4.
384 2136 509 2190 Quod
537 2136 562 2176 fi
595 2135 719 2178 Globi
749 2150 830 2178 non
850 2136 922 2177 fint
948 2138 1190 2193 homogenei
1210 2171 1221 2188 ‚
1260 2142 1425 2195 spatium
1455 2159 1475 2185 a
1505 2147 1646 2189 Globo

104 2192 288 2233 densiore
329 2189 572 2241 descriptum
612 2190 748 2245 augeri
786 2191 907 2232 debet
954 2192 995 2233 in
1041 2195 1193 2236 ratione
1230 2196 1444 2240 densitatis.
1503 2202 1648 2243 Motus

106 2247 213 2288 enim
237 2276 248 2295 ,
285 2245 354 2287 sub
393 2244 477 2297 pari
513 2245 758 2293 velocitate,
801 2245 925 2298 major
963 2246 1019 2287 est
1055 2249 1097 2289 in
1133 2250 1286 2290 ratione
1326 2252 1560 2304 (immtatis,
1604 2257 1648 2295 δε

105 2312 262 2355 tempus
284 2302 382 2353 (per
403 2299 504 2339 hanc
523 2300 867 2353 propositionem)
894 2311 1060 2352 augetur
1080 2303 1120 2345 in
1139 2304 1295 2348 ratione
1316 2318 1449 2350 motus
1469 2310 1620 2352 directe
1637 2339 1650 2357 ‚

104 2368 151 2397 ac
170 2355 341 2409 spatium
360 2352 605 2407 descriptum
622 2354 663 2396 in
686 2355 843 2397 ratione
865 2356 1069 2408 temporis.

1528 2419 1650 2459 Corol.
