2079 3033
404 142 482 193 4'80
696 119 1635 183 PHILOSOPHIAE'NATURALIS

213 220 259 249 DE
277 222 392 254 Mmmx

209 258 404 297 διέτεΜΑτε,

411 222 618 269 hibentur,
646 233 764 273 quam
793 219 919 259 solent
946 227 1079 258 motus
1098 217 1350 260 planetarum
1376 232 1446 272 per
1467 232 1609 260 eorum
1627 219 1833 262 Theorias.
1890 222 1946 264 Et

412 289 623 330 propterea
658 274 788 314 Orbes
816 273 1079 313 Cometarum
1116 285 1185 325 per
1222 274 1325 313 hanc
1352 273 1576 314 Theoi-iam
1612 276 1834 315 enumerari
1859 278 1948 329 pos-

411 331 518 376 sunt,
547 330 588 369 δε
618 338 779 389 tempus
814 325 1063 379 periodicum
1083 326 1268 367 Cometae
1293 327 1333 367 in
1391 327 1542 368 uolibet
1570 328 1680 368 Orbe
1709 327 1946 371 revolventis

337 406 343 407 ff
410 385 574 424 tandem
610 382 726 429 sciri,
776 382 816 421 δε
852 392 938 422 tum
977 380 1142 421 demum
1169 379 1341 421 Orbium
1388 380 1653 434 *llipticorum
1681 382 1801 422 latera
1829 384 1946 438 trans-

412 437 521 478 versa
541 437 582 476 &
603 436 867 489 Apheliorurn
889 434 1117 484 altitudines
1134 435 1399 475 innotescent.

466 490 639 531 Cometa
667 490 924 542 retrogradus
954 489 1023 543 qui
1055 489 1232 541 apparuit
1261 500 1366 528 anno
1396 493 1495 537 1607
1516 518 1528 537 ,
1565 488 1768 542 descripsit
1796 487 1951 531 Orbem

412 548 521 596 cujus
551 544 692 584 Nodus
721 544 933 585 ascendens
975 552 1255 595 (computante
1283 542 1467 593 Halleio)
1505 553 1587 584 erat
1617 544 1657 583 in
1689 556 1721 584 ὅ
1746 546 1847 581 ‘zogr-
1878 544 1948 584 21‘.

413 598 619 637 Inclinatio
657 599 759 650 plani
796 597 916 638 Orbis
955 597 1004 636 ad
1043 598 1202 650 planum
1238 596 1447 648 Eclipticae
1484 608 1567 637 erat
1607 605 1697 644 1731-
1735 597 1781 637 2¹.
1810 597 1950 637 ·Peri-

414 651 562 692 helium
588 662 670 692 erat
704 652 743 692 in
770 666 804 694 :a
836 659 906 689 23‘·
938 651 994 689 16‘
1012 680 1024 697 ‚
1061 649 1103 690 &
1129 649 1307 689 distantia
1326 650 1513 701 perihelia
1531 664 1553 690 a
1574 650 1666 690 Sole
1686 660 1770 690 erat
1797 650 1949 699 5868o‚

412 705 604 745 existente
642 706 756 746 radio
792 705 913 746 Orbis
950 704 1081 756 magni
1123 716 1291 742 100000.
1356 701 1410 742 Et
1449 702 1622 744 Cometa
1661 704 1811 744 eratin
1842 704 1950 744 Peri-

413 759 522 799 helio
562 760 691 800 OcJob.
726 762 801 800 16⁶.
832 758 882 806 3¹¹.
913 758 984 807 5o‘.
1048 756 1249 809 Congruit
1278 755 1343 795 hic
1379 754 1500 795 Orbis
1524 758 1829 810 quamproxime
1856 770 1951 798 cum

415 813 527 853 Orbe
556 813 742 853 Cometae
781 813 848 866 qui
886 812 1064 864 apparuit
1092 823 1197 850 anno
1231 811 1342 847 1682.
1398 808 1437 848 Si
1467 808 1653 850 Cometae
1682 811 1721 849 hi
1751 812 1834 850 duo
1863 812 1952 851 fue-

413 867 493 907 rint
520 879 621 906 unus
653 867 694 906 &
721 865 853 913 idem,
882 866 1109 905 revolvetur
1136 863 1199 902 bic
1225 863 1398 903 Cometa
1424 862 1549 914 spatio
1578 875 1775 903 annorum
1804 876 1877 913 75,
1907 863 1950 903 δε

413 920 494 960 axis
531 919 655 972 major
684 919 803 960 Orbis
839 920 919 969 ejus
958 918 1033 957 erit
1070 916 1120 956 ad
1155 929 1270 956 axem
1306 915 1495 968 majorem
1537 916 1656 956 Orbis
1695 918 1858 969 magni,
1903 926 1949 957 ut

413 974 439 1012 tl
457 987 504 1013 c:
546 987 592 1022 75
619 980 659 1015 ><
689 986 736 1021 75
766 972 815 1012 ad
846 987 890 1017 1,
917 971 986 1010 seu
1016 969 1110 1019 1778
1141 970 1189 1009 ad
1222 982 1296 1009 100
1315 968 1486 1009 circiter.
1543 970 1597 1010 Et
1625 969 1805 1010 distantia
1832 971 1953 1023 aphe-

413 1026 463 1066 lia
488 1027 672 1066 Cometae
700 1025 815 1078 hujus
850 1040 871 1064 a
901 1023 1015 1071 Sole,
1053 1024 1129 1064 erit
1154 1023 1203 1062 ad
1231 1022 1454 1063 distantiam
1481 1024 1730 1064 mediocrem
1758 1023 1902 1065 Terrae
1928 1036 1952 1064 a

412 1079 525 1124 Sole,
560 1089 603 1120 ut
634 1093 680 1128 35
711 1080 761 1119 ad
792 1093 808 1117 1
838 1078 1020 1119 circiter..
1112 1076 1222 1116 uibus
1250 1076 1450 1128 cognitis,
1495 1077 1600 1118 haud
1633 1077 1801 1118 difficile
1828 1078 1951 1119 fuerit

413 1132 568 1173 Orbem
604 1132 835 1185 Ellipticum
873 1132 1058 1172 Cometae
1125 1130 1209 1182 ujus
1246 1130 1525 1170 determinare.
1590 1132 1729 1184 Atque
1765 1130 1852 1171 haec
1894 1132 1951 1172 ita

412 1186 451 1226 se
489 1186 689 1225 habebunt
725 1186 752 1225 si
791 1186 963 1226 Cometa
1001 1184 1126 1237 spatio
1154 1196 1349 1224 annorum
1377 1183 1624 1236 septuaginta
1653 1184 1831 1237 quinque
1852 1212 1864 1231 ,
1907 1185 1949 1225 in

411 1239 491 1279 hoc
528 1239 640 1280 Orbe
674 1239 834 1292 posthac
863 1239 1040 1279 redierit.
1104 1237 1289 1277 Cometae
1328 1236 1470 1289 reliqui
1498 1237 1637 1288 majori
1671 1247 1855 1291 tempore
1884 1250 1948 1278 re-

413 1294 519 1333 volvi
540 1293 727 1333 videntur
746 1294 788 1333 δε
807 1294 920 1333 altius
939 1291 1164 1333 ascendere.

470 1347 677 1386 Caeterum
707 1345 914 1391 Cometae‚
946 1346 998 1386 ob
1026 1357 1213 1397 magnum
1242 1356 1384 1385 eorum
1411 1356 1622 1385 numerum
1642 1372 1653 1391 ,
1694 1345 1736 1385 δε
1765 1358 1949 1399 magnam

412 1400 679 1452 Apheliorum
709 1414 730 1440 a
757 1401 848 1441 Sole
868 1400 1111 1444 distantiam,
1141 1399 1179 1437 δε
1209 1399 1367 1451 longam
1396 1411 1549 1438 moram
1567 1399 1608 1439 in
1626 1399 1808 1452 Apheliis
1826 1428 1837 1447 ,
1875 1412 1949 1452 per

414 1454 629 1506 gravitates
658 1454 697 1493 in
729 1454 767 1494 se
794 1464 937 1494 mutuo
963 1452 1143 1493 nonnihil
1166 1452 1317 1492 turbari
1348 1451 1497 1492 debent
1517 1479 1528 1497 ‚
1568 1452 1609 1492 δε
1631 1464 1771 1493 eorum
1800 1466 1945 1494 eccen-

411 1508 603 1547 tricitates
648 1507 688 1546 δε
735 1508 1031 1548 revolutionum
1076 1516 1256 1558 tempora
1301 1518 1406 1545 nunc
1454 1506 1589 1559 augeri
1630 1506 1916 1560 aliquantulum
1933 1535 1946 1553 ‚

410 1575 517 1602 nunc
557 1561 737 1601 diminui.
793 1561 970 1602 Proinde
1007 1573 1089 1600 non
1127 1559 1183 1599 est
1220 1557 1510 1612 expet‘iandum
1539 1569 1583 1599 ut
1612 1559 1784 1600 Cometa
1811 1560 1947 1607 idem,

412 1617 453 1655 in
481 1615 626 1655 eodem
655 1614 766 1654 Orbe
794 1615 835 1655 δε
861 1615 1002 1655 iisdem
1031 1613 1277 1666 temporibus
1305 1613 1518 1665 periodicis
1537 1642 1548 1659 ‚
1585 1624 1767 1653 accurate
1797 1613 1946 1654 redeat.

415 1668 573 1709 Sufficit
602 1669 628 1707 st
656 1668 895 1708 mutationes
916 1681 998 1707 non
1026 1667 1191 1714 maiores
1219 1666 1478 1711 obvenerint,
1516 1677 1635 1717 quam
1660 1679 1750 1718 quae
1776 1679 1797 1705 a
1825 1666 1947 1706 causis

415 1721 612 1775 praediciis
634 1721 824 1760 oriantur.
924 1728 927 1731 ’
1260 1749 1264 1752 ,

468 1775 521 1815 Et
557 1773 648 1814 hinc
681 1773 783 1813 ratio
811 1771 994 1812 redditur
1020 1783 1090 1811 cur
1118 1769 1303 1809 Cometae
1333 1781 1414 1810 non
1442 1772 1835 1824 comprehendantur
1862 1772 1947 1813 Zo-

416 1828 532 1868 diaco
572 1835 709 1878 (more
738 1827 1007 1873 Planetarum)
1047 1823 1114 1863 sed
1153 1824 1247 1863 inde
1286 1823 1459 1874 migrent
1490 1824 1531 1863 δε
1562 1825 1735 1865 motibus
1763 1825 1878 1865 variis
1903 1828 1946 1868 in

415 1894 554 1922 ornnes
583 1881 783 1919 coelorum
810 1879 992 1932 regiones
1021 1877 1211 1917 ferantur.
1267 1876 1426 1915 Scilicet
1443 1890 1492 1916 eo
1512 1877 1613 1924 fine,
1642 1888 1686 1918 ut
1704 1879 1745 1918 in
1760 1878 1946 1931 Apheliis

415 1936 491 1975 suis
520 1933 588 1974 ubi
616 1932 831 1973 tardiflime
860 1942 1096 1977 moventur,
1124 1943 1242 1982 quam
1270 1928 1495 1980 longiffime
1523 1930 1668 1972 distent
1697 1932 1744 1971 ab
1771 1932 1946 1973 invicem

416 1989 458 2028 δε
495 1989 534 2028 se
570 1997 712 2027 mutuo
748 1998 868 2040 quarn
902 1985 1065 2025 minime
1102 1984 1270 2023 trahant.
1327 1983 1418 2035 Qua
1446 1983 1497 2023 de
1526 1985 1636 2024 causa
1664 1985 1849 2026 Cometae
1876 1986 1946 2038 qui

416 2042 530 2082 altius
557 2040 831 2086 descendunt,
866 2038 1049 2092 adeoque
1078 2036 1294 2078 tardissime
1322 2047 1537 2078 moventur
1564 2038 1606 2078 in
1631 2039 1811 2092 Apheliis
1829 2068 1841 2087 ,
1877 2040 1949 2080 de-

418 2096 515 2135 bent
535 2094 647 2134 altius
667 2093 889 2134 ascendere.
1597 2112 1598 2115 =

474 2148 646 2188 Cometa
672 2148 740 2200 qui
769 2159 872 2189 anno
903 2146 1002 2186 1680
1029 2147 1228 2199 apparuit,
1266 2146 1395 2187 minus
1416 2144 1578 2185 distabat
1606 2159 1626 2185 a
1653 2145 1744 2187 Sole
1773 2148 1815 2187 in
1840 2146 1951 2188 Peri-

418 2201 525 2242 helio
562 2202 630 2241 suo
667 2213 785 2253 quam
825 2210 934 2252 parte
962 2201 1075 2243 sexta,
1097 2199 1280 2240 diametri
1308 2200 1439 2244 Solis;
1487 2199 1528 2238 ἃ
1558 2209 1721 2251 propter
1759 2201 1950 2241 summam

417 2254 674 2294 velocitatem
702 2254 743 2293 in
771 2254 912 2294 vicinia
941 2254 1027 2298 illa,
1058 2253 1098 2293 &
1128 2253 1361 2293 denfitatem
1382 2254 1552 2304 aliquam
1571 2253 1859 2307 Atmosphaerae
1877 2253 1951 2294 So-

417 2308 462 2350 lis
481 2336 493 2357 ,
531 2307 786 2351 refistentiam
814 2308 1043 2349 nonnullam
1075 2306 1218 2349 sentire
1247 2307 1407 2355 debuit,
1445 2306 1486 2346 <Sc
1514 2306 1800 2360 aliquantulum
1827 2317 1950 2401 Ἔταξ-

1876 2372 1951 2409 art,
