2079 3033
460 137 813 184 PRINCIPIA
841 114 1398 186 MATHEMATICAss
1620 144 1703 208 363·

1712 217 1739 248 L
1756 225 1768 248 x
1784 226 1799 248 n
1816 217 1871 249 fii*

386 237 810 284 PROPOSITto
833 242 914 286 III.
944 242 1336 288 PROBLEMA
1362 243 1437 288 111.
1610 261 1612 263 ·
1712 251 1894 296 ’rmum'

143 321 206 372 &SV
199 321 262 372 im
273 341 366 389 qua
380 322 517 372 Luna
527 323 747 373 retinetur
758 322 805 371 in
819 324 934 374 Orbe
943 326 1027 388 suo
1041 327 1262 393 respicere
1273 327 1465 376 Terram
1477 367 1490 389 ‚
1531 321 1592 381 &⁹
1604 332 1691 398 effe

216 393 500 466 reciproceut
512 394 787 459 quadratum
797 392 1014 454 distantiae
1025 394 1215 444 locorum
1230 396 1288 445 ab
1298 397 1433 464 ipsius
1443 411 1604 449 centro.

198 487 316 529 Patet
333 486 550 528 affertionis
569 488 656 541 pars
684 480 795 541 prior
821 500 894 541 per
924 487 1230 531 Phaenomenon
1248 491 1404 532 sextum
1428 520 1439 539 ,
1467 492 1509 532 ἅτ
1528 491 1686 547 Propo-

140 541 326 591 'fitio-nem
356 541 571 584 secundam
600 542 660 581 vel
693 543 852 582 tertiam
881 542 997 583 Libri
1025 544 1172 596 primi:
1204 545 1244 586 δε
1274 557 1362 598 pars
1391 545 1586 596 posterior
1614 561 1687 600 per

142 606 302 637 motum
332 595 595 635 tardiffimum
622 594 793 635 Lunaris
831 596 1016 647 Apogaei.
1076 598 1181 639 Nam
1220 609 1353 640 motus
1381 598 1476 647 ille,
1513 601 1582 654 qui
1610 602 1686 643 fin·-

133 650 241 703 -gulis
277 648 603 689 revolutionibus
631 648 689 688 est
725 647 924 701 graduum
971 659 1127 691 tantum
1174 652 1296 693 trium
1344 653 1387 693 δε
1431 653 1683 697 minutorum

138 703 260 743 trium
277 702 318 742 in
335 703 644 756 consequentia,
669 701 882 742 contemni
902 702 1043 754 potest.
1097 704 1213 744 Patet
1233 707 1339 746 enim
1370 708 1388 758 ζ
1397 719 1467 757 per
1485 707 1626 750 Corol.
1648 723 1684 752 1.

130 756 256 809 ³·Prop.
275 770 366 797 XLV.
390 756 483 797 Lib.
503 756 557 807 Ι.)
596 755 710 809 quod
739 755 767 796 fi
793 755 976 796 distantia
1003 755 1135 796 Lunae
1163 771 1186 796 a
1210 768 1355 798 centro
1379 759 1522 800 Terrae
1552 762 1597 802 fit
1628 763 1679 804 ad

129 810 474 851 semidiametrum
495 811 639 851 Terrae
666 820 709 850 ut
739 809 781 850 D
799 809 849 849 ad
872 822 887 848 1
911 827 922 856 ;
963 809 1020 849 vis
1044 823 1065 850 a
1089 822 1167 864 qua
1194 821 1328 851 motus
1350 812 1433 851 talis
1454 814 1604 855 oriatur
1634 816 1680 857 fit

134 865 344 918 reciproce
364 873 406 904 ut
436 865 563 913 D22—2—3
582 894 593 913 ‚
626 863 669 904 id
688 863 771 911 est,
800 864 1009 915 reciproce
1028 873 1073 904 ut
1092 877 1137 904 ea
1156 863 1276 917 ipfius
1306 864 1347 906 D
1376 865 1549 918 dignitas
1568 868 1679 921 cujus

132 918 258 959 index
276 918 332 959 est
350 921 424 967 2ss
443 949 455 967 ‚
483 919 563 959 hoc
582 918 637 959 est
655 947 666 965 ‚.
701 919 741 958 in
759 917 914 958 ratione
933 917 1127 958 distantiae
1148 920 1266 970 paulo
1294 924 1443 971 majore
1463 932 1583 974 quam
1603 924 1678 962 du-

131 973 274 1025 plicata
296 974 448 1014 inverse
466 1002 477 1020 ,
516 973 583 1013 sed
614 985 704 1027 quae
731 970 907 1024 partibus
937 985 1005 1027 59}
1030 972 1193 1025 propius
1221 972 1271 1012 ad
1290 972 1533 1026 duplicatam
1554 987 1676 1028 quam

129 1026 180 1067 ad
217 1027 454 1078 triplicatam
492 1026 661 1067 accedit.
717 1026 860 1066 Oritur
883 1038 980 1066 vero
1007 1026 1055 1066 ab
1084 1025 1241 1066 afflone
1269 1026 1371 1067 Solis
1402 1028 1481 1075 (uti
1510 1029 1674 1081 posthac

128 1080 310 1126 dicetur)
350 1080 392 1119 δε
417 1090 632 1133 propterea
669 1079 735 1119 hic
765 1079 1028 1131 negligendus
1064 1079 1131 1120 est.
1190 1079 1313 1120 Aetio
1344 1079 1445 1121 Solis
1474 1093 1671 1136 quatenus

126 1134 287 1179 Lunam
307 1133 486 1174 distrahit
514 1147 535 1174 a
565 1133 696 1188 Terra
714 1162 725 1180 ‚
754 1133 819 1173 <est
846 1142 889 1173 ut
915 1133 1096 1173 distantia
1115 1133 1246 1175 Lunae
1265 1147 1286 1174 a
1303 1133 1434 1175 Terra
1454 1149 1671 1190 quampro-
1749 1176 1761 1187 „

120 1187 236 1228 xime
250 1205 259 1233 ;
275 1187 458 1242 ideoque
490 1194 503 1237 (
514 1201 585 1241 per
607 1201 652 1228 ea
670 1200 762 1241 quae
782 1186 971 1227 dicuntur
989 1187 1031 1228 in
1049 1186 1238 1229 Corol.2.
1258 1187 1378 1242 Prop.
1398 1203 1491 1230 XLV.
1509 1189 1667 1242 Lib.I.)
1742 1188 1747 1193 ’

121 1240 183 1281 -est
209 1241 260 1281 ad
288 1240 418 1282 Lunae
448 1242 529 1283 vim
566 1242 829 1293 cenersslaetam
859 1251 903 1281 ut
933 1255 957 1280 2
986 1240 1036 1281 ad
1068 1254 1225 1294 357,45
1257 1242 1418 1283 circiter
1436 1272 1448 1291 ,
1483 1243 1551 1285 seu
1574 1259 1590 1284 1
1608 1245 1668 1286 -ad

128 1295 248 1347 1783.
307 1293 361 1335 Et
378 1293 557 1348 negleeta
576 1295 676 1335 Solis
699 1296 738 1335 vi
756 1295 906 1335 tantilla
925 1324 936 1341 ,
973 1295 1029 1334 vis
1057 1296 1209 1348 reliqua
1234 1302 1311 1351 qua
1333 1296 1450 1337 Luna
1467 1299 1667 1340 retinetur

124 1349 167 1390 in
201 1348 311 1389 Orbe
338 1349 414 1389 erit
442 1349 654 1402 reciproce
689 1357 734 1388 ut
772 1348 843 1388 D2.
905 1347 951 1388 ld
983 1348 1097 1402 quod
1132 1351 1252 1391 etiam
1290 1351 1443 1403 plenius
1472 1353 1669 1394 constabit

117 1402 376 1444 conferendo
403 1403 504 1444 hanc
535 1403 618 1444 vim
647 1415 741 1443 cum
770 1402 811 1442 vi
835 1402 1040 1455 gravitatis
1058 1430 1072 1450 ‚
1111 1412 1155 1443 ut
1174 1403 1217 1444 fit
1236 1404 1278 1445 in
1304 1403 1586 1458 Propofitione
1611 1407 1669 1448 se·-

119 1467 286 1511 tinente.

134 1546 137 1548 “
175 1551 298 1594 Corol.
329 1552 369 1593 Si
396 1552 453 1592 vis
480 1552 702 1603 centrIpeta
733 1549 949 1591 mediocris
977 1562 1056 1603 qua
1084 1550 1204 1590 Luna
1230 1547 1425 1593 retinetur
1452 1553 1494 1593 in
1520 1552 1632 1596 Orbe
1646 1582 1664 1603 -„

110 1608 307 1659 ,augeatur
334 1606 465 1658 primo
490 1605 532 1645 in
560 1606 715 1645 ratione
746 1608 852 1657 1773
881 1603 930 1643 ad
965 1603 1072 1656 1783
1093 1632 1103 1648 ,
1141 1603 1291 1643 deinde
1319 1606 1440 1646 etiam
1467 1607 1507 1647 in
1537 1608 1660 1649 ratio-
1692 1607 1693 1610 ’

115 1672 168 1701 ne
193 1660 391 1713 duplicata
418 1657 702 1699 semidiametri
729 1658 873 1699 Terrae
910 1656 959 1696 ad
998 1655 1250 1697 mediocrem
1278 1657 1499 1700 distantiam
1529 1663 1660 1705 centri

115 1714 247 1755 Lunae
273 1727 293 1753 a
322 1722 465 1754 centro
491 1711 663 1754 Terrae:
701 1711 912 1753 habebitur
941 1710 998 1750 vis
1026 1711 1248 1764 centripeta
1268 1711 1438 1754 Lunaris
1456 1714 1505 1754 ad
1523 1715 1658 1768 super-

113 1768 247 1810 ficiem
277 1765 451 1813 Terrae,
496 1766 626 1819 posito
655 1766 768 1820 quod
806 1765 875 1806 vis'
901 1765 965 1805 illa
1001 1763 1288 1806 descendendo
1325 1767 1374 1807 ad
1406 1768 1657 1820 superficiem

96 1819 288 1870 ‘Terrae.‚
338 1830 535 1875 perpetuo
562 1831 753 1875 augeatur
786 1819 829 1863 in
857 1819 1066 1872 reciproca
1094 1819 1311 1861 altitudinis
1338 1821 1495 1863 ratione
1525 1822 1656 1879 dupli-

110 1884 215 1916 cata.

365 1975 775 2019 PROPOSITIO
802 1975 874 2019 IV.
904 1972 1303 2040 THEOREMA
1327 1939 1402 2020 ¹IV.

116 2057 544 2126 Lunamgravitare
556 2058 603 2106 in
615 2058 806 2108 Terram
820 2097 832 2118 ‚
858 2058 919 2110 &
929 2058 978 2108 vi
982 2058 1229 2124 gravitatis
1244 2058 1421 2107 retrahi
1421 2063 1606 2128 ftmper
1619 2077 1651 2109 a

365 2141 483 2177 motu
506 2127 730 2177 reH-ilineo
742 2167 757 2189 ‚
797 2126 858 2179 &³
886 2132 935 2177 in
958 2127 1073 2176 Orbe
1082 2135 1165 2186 suo
1187 2128 1388 2178 retineri.
1466 2128 1472 2135 ’

168 2222 300 2265 Lunae
321 2223 500 2264 distantia
520 2222 734 2264 mediocris
761 2235 783 2262 a
810 2221 945 2263 Terra
978 2223 1020 2263 in
1047 2222 1225 2277 Syzygiis
1252 2222 1309 2264 est
1333 2222 1651 2264 semidiametro-

114 2290 206 2319 rum
236 2277 482 2319 terrestrium
499 2306 510 2325 ‚
547 2277 767 2319 secundum
795 2276 1008 2330 plerosque
1035 2277 1374 2319 Astronomorum
1402 2291 1474 2330 59,
1514 2278 1651 2318 secun-

113 2331 217 2376 dum·
246 2331 499 2374 Vendelinum
521 2333 592 2379 60,
618 2330 854 2427 secundun&
867 2330 1118 2383 Copernicum
1138 2334 1210 2389 760}
1226 2361 1241 2381 ‚
1276 2332 1317 2372 &
1340 2331 1558 2425 secundutZ
1578 2328 1657 2425 Tyn}

866 2396 889 2427 z
916 2397 942 2424 2
1500 2398 1525 2425 c
1552 2397 1617 2425 one
