2079 3033
537 129 1326 177 TERTIIORDINIS.
1651 133 1701 177 81

154 218 227 252 ‘tur
244 209 495 266 Hyperbolae
515 220 595 253 tres
615 213 695 254 fine
714 212 830 254 Ovali
848 214 911 255 vel
931 214 1057 257 Nodo
1075 216 1138 256 vel
1155 216 1335 270 Cuspide
1354 215 1417 257 vel
1435 214 1590 257 Punflo
1606 229 1705 258 con-

156 263 316 318 jugato,
347 267 385 306 ἃ
407 266 468 307 hae
488 266 737 321 Hyperbolae
758 268 820 308 vel
840 269 889 310 ad
904 270 1027 310 latera
1048 271 1234 323 trianguli
1254 272 1302 311 ab
1323 271 1572 324 Asymptotis
1591 284 1705 312 com-

160 319 339 372 prehenss
368 321 430 362 vel
457 321 507 362 ad
533 323 699 376 angulos
725 322 806 374 ejus
829 323 1035 376 jaeebunt;
1066 325 1105 364 ἃ
1126 326 1292 377 perinde
1316 327 1487 381 Spe'ciem
1505 325 1568 366 vel
1589 328 1703 379 quin-

159 382 241 413 tam
261 374 368 428 (Fig.
391 389 423 424 7.
447 375 501 427 8.)
521 377 753 427 velfixtam
773 377 879 433 (Fig.
898 393 936 430 9,
950 379 1025 428 10.)
1046 379 1298 422 constituent.

212 428 254 468 Si
271 441 296 469 e
314 429 512 471 radicibus
530 430 621 470 duae
640 430 727 471 sunt
738 433 914 485 -aequales
935 433 976 472 &
999 433 1131 474 alterae
1149 433 1240 474 duae
1259 436 1321 475 vel
1341 432 1596 488 impoffibiles
1614 432 1704 475 sunt
1722 482 1725 485 Γ

158 482 266 537 (Fig.
288 497 346 523 11.
372 484 450 534 13·)
479 484 539 524 vel
567 485 691 525 reales
716 485 787 538 (Fz
815 518 823 526 .
849 500 907 526 η.
929 488 1009 539 14.)
1036 500 1130 528 cum
1151 488 1265 540 fignis
1285 503 1375 543 quae
1393 504 1415 528 a
1434 488 1549 540 tignis
1567 500 1700 542 aequa-

156 537 252 577 lium
272 537 450 578 radicum
470 537 621 578 diversa
642 539 751 587 sunt,
780 500 904 593 figura
925 541 1183 593 Cra-czformis
1201 543 1431 592 habebitur,
1450 555 1595 594 nempe
1607 544 1698 583 duae

122 609 126 613 -
156 603 210 632 ex
226 589 472 644 Hyperbolis
491 593 529 631 se
548 592 721 634 invi-cem
739 594 997 636 decuffabunt
1016 596 1140 650 idque
1160 596 1223 637 vel
1240 599 1291 638 ad
1310 597 1502 638 verticem
1517 597 1700 650 trianguli

108 676 111 677 γ
153 644 202 684 ab
226 645 477 697 Asymptotzis
497 646 776 696 comprehenfi
796 648 897 702 (Fig.
924 661 984 698 1⁴3,
1006 654 1082 702 14)
1102 651 1162 691 vel
1181 650 1231 691 ad
1251 651 1482 706 ejusbasem
1510 650 1615 706 (Fig.
1640 664 1699 699 Π,

72 712 78 717 ·
156 700 233 742 12.)
290 698 396 751 Quae
417 698 509 740 duae
527 697 681 752 Species
697 698 786 740 sunt
793 704 967 754 stptima
988 704 1028 744 &
1048 706 1201 746 oaava.

819 793 1610 1026 :M

142 1316 147 1318 “
194 1303 238 1345 Si
258 1304 433 1359 denique
461 1303 615 1346 radices
635 1317 775 1346 omnes
795 1304 883 1346 sunt
901 1305 1159 1358 imposfibiles
1178 1304 1285 1361 (Fig.
1307 1311 1382 1355 1·5·)
1412 1305 1475 1345 vel
1499 1303 1526 1345 fi
1546 1309 1688 1348 omnes

139 1359 229 1402 sunt
254 1360 376 1399 reales
405 1359 446 1400 δε
470 1359 684 1413 inaequales
713 1359 820 1415 (Fig.
841 1362 922 1410 16.)
943 1361 984 1401 &
1005 1374 1139 1402 earum
1159 1360 1251 1418 duae
1267 1359 1356 1400 sunt
1374 1358 1623 1400 affirmativae
1646 1361 1687 1401 &

137 1413 271 1456 alterae
301 1413 392 1454 duae
421 1414 639 1468 negativae,
668 1423 764 1455 tune
794 1414 885 1455 duae
914 1415 1164 1457 habebuntur
1184 1414 1435 1474 Hyperbola}
1453 1413 1502 1454 ad
1521 1416 1687 1467 angulos

136 1468 341 1522 oppofitos
361 1468 529 1510 duarum
541 1468 814 1523 Asymptoton
824 1482 917 1511 cum
929 1470 1164 1525 Hyperbola
1176 1470 1383 1525 Anguinea
1400 1481 1504 1509 ctrca
1514 1468 1686 1524 Asymp-

137 1532 255 1564 toton
274 1523 444 1564 tertiam.
501 1523 606 1577 Quae
625 1523 777 1577 Species
798 1523 854 1564 est
873 1538 982 1566 nona.

189 1576 246 1618 'Et
273 1577 314 1617 hi
341 1577 430 1618 sunt
458 1591 598 1620 ornnes
625 1579 807 1619 radicum
835 1580 944 1620 casus
965 1579 1175 1632 poffibiles.
1231 1578 1338 1619 Nam
1359 1577 1386 1619 fi
1408 1578 1498 1618 duae
1527 1577 1680 1629 radices

133 1632 222 1674 sunt
249 1633 419 1685 aequales
447 1633 552 1672 inter
575 1633 642 1680 ses,
670 1634 711 1674 δε
729 1633 823 1674 ⁴aliae
851 1634 943 1675 duae
960 1635 1048 1676 sunt
1068 1636 1188 1676 etiam
1208 1634 1312 1675 inter
1331 1634 1370 1674 se
1391 1632 1583 1687 aequales,
1612 1632 1678 1675 Fi-

133 1699 231 1741 gura
249 1686 394 1727 evadet
414 1685 549 1727 Seffio
568 1687 725 1728 Conica
742 1700 837 1729 cum
857 1689 986 1730 Linea
1005 1688 1125 1731 reeta.
