2079 3033
392 179 440 212 30
680 164 1170 218 PHILOSOPHIAE
1226 161 1634 222 NATURALIS

198 248 379 302 ὈΕΜΟΤυ
449 251 573 293 Corol.
595 265 626 293 1.
656 251 710 292 Et
738 252 830 292 hinc
859 250 974 292 facile
1003 252 1233 306 colligitur,
1271 250 1383 304 quod
1412 261 1632 304 corporum
1661 251 1800 296 ssmiles
1829 254 1933 297 fimi-

199 291 372 320 C⁰RP⁰¹³⁰M
394 305 490 348 lium
519 306 753 361 Figuratum
787 315 916 360 partes
954 306 1202 360 temporibus
1229 304 1593 358 proportionalibus
1622 305 1932 352 describentium

395 359 564 402 Errores
583 391 594 408 ‚
638 361 707 415 qui
746 360 892 401 viribus
922 361 1120 415 quibusvis
1148 359 1361 413 aequalibus
1390 359 1439 398 ad
1467 372 1637 412 corpora
1663 359 1838 404 fimiliter
1865 377 1934 417 ap-

396 417 549 468 plicatis
576 425 840 468 generantur,
878 416 919 455 &
947 417 1223 456 mensurantur
1252 427 1321 466 per
1351 412 1550 454 distantias
1581 427 1800 468 corporum
1823 430 1843 456 a
1867 417 1933 459 Fi-

394 483 581 522 gurarum
620 469 802 510 similium
839 471 934 511 locis
972 470 1044 510 illis
1085 470 1132 509 ad
1171 481 1263 523 quae
1298 480 1469 520 corpora
1505 468 1648 510 eadem
1687 469 1933 524 temporibus

393 525 532 565 iisdem
570 524 932 577 proportionalibus
969 523 1114 577 absque
1154 523 1302 564 viribus
1339 521 1418 561 iliis
1443 523 1727 575 pervenirent,
1773 524 1862 565 sunt
1889 536 1935 568 ut

393 579 584 631 quadrata
604 589 832 631 temporum
852 579 892 618 in
912 577 1054 632 quibus
1073 589 1314 630 generantur
1334 588 1454 630 quam
1475 578 1670 630 proxime.

449 633 570 674 Corol.
603 648 638 673 2.
678 633 847 673 Errores
884 643 1016 673 autem
1045 632 1115 687 qui
1144 632 1290 673 viribus
1321 631 1682 684 proportionalibus
1712 632 1761 673 ad
1791 632 1933 675 fimiles

391 686 626 740 Figurarum
671 687 852 728 similium
900 698 1031 740 partes
1076 687 1251 727 similiter
1289 686 1491 739 applicatis
1527 697 1797 741 generantur,
1843 689 1934 730 sunt

391 752 435 782 ut
463 743 564 782 vires
583 742 623 782 δε
644 741 835 795 quadrata
855 751 1084 795 temporum
1107 741 1363 794 conjunfflm.

448 797 569 837 Cor-ol.
601 811 633 845 3.
672 797 784 837 Idem
821 796 1127 850 intelligendum
1166 797 1221 836 est
1259 796 1313 836 de
1339 794 1469 847 spatiis
1496 795 1696 849 quibusvis
1726 809 1816 849 quae
1843 810 1935 838 cor-

390 863 488 902 pora
517 851 751 905 urgentibus
779 850 940 891 diversis
962 850 1112 892 viribus
1132 850 1372 890 describunt.
1432 851 1539 890 l-laec
1557 850 1666 897 sunt,
1697 849 1781 904 ipso
1800 862 1935 894 motus

389 905 527 952 initio,
555 916 599 946 ut
619 906 720 946 vires
743 905 783 945 &
804 905 995 958 quadrata
1016 917 1245 958 temporum
1266 902 1522 956 conjunfflm.

447 961 569 1001 Corol.
589 977 625 1011 4.
662 960 842 1014 Ideoque
873 960 975 1000 vires
1004 961 1091 1000 sunt
1123 970 1165 999 ut
1194 959 1315 1012 spatia
1335 988 1346 1005 ,
1395 959 1479 1011 ipso
1509 967 1643 999 motus
1670 959 1787 1000 initio
1806 989 1819 1008 ‚
1863 960 1935 1003 de-

385 1012 531 1067 scripta
552 1013 702 1055 direPte
722 1016 763 1054 ἀ
784 1013 976 1068 quadrata
997 1024 1228 1066 temporum
1249 1012 1417 1053 inverse.

321 1066 324 1074 ’
391 1071 568 1161 &quoh
591 1084 622 1119 ς.
652 1069 708 1165 E}
735 1068 927 1124 quadrata
949 1079 1188 1123 temporum
1216 1068 1305 1109 sunt
1334 1078 1378 1109 ut
1407 1066 1605 1122 descripta
1632 1066 1752 1123 spatia
1781 1068 1934 1113 direste

386 1146 389 1148 >
453 1137 554 1165 vires
573 1137 685 1165 inver
704 1137 739 1165 e.

1058 1218 1263 1259 scholium.

444 1311 484 1352 Si
522 1316 763 1367 quantitates
800 1313 1122 1356 indeterminatae
1161 1312 1411 1354 diversorum
1448 1323 1644 1364 generum
1673 1312 1932 1357 conferantur

382 1366 492 1406 inter
530 1369 568 1408 se
586 1399 598 1416 ,
646 1370 687 1410 &
725 1383 862 1410 earum
892 1371 1017 1423 aliqua
1047 1368 1204 1408 dicatur
1233 1367 1310 1408 effe
1340 1377 1383 1407 ut
1413 1367 1469 1406 est
1497 1366 1570 1406 alia
1599 1367 1749 1420 quaevis
1778 1367 1932 1410 direfte

388 1421 450 1461 vel
487 1421 669 1464 inverse:
706 1424 835 1464 sensus
874 1423 957 1470 est,
1007 1421 1120 1476 quod
1157 1422 1268 1475 prior
1307 1431 1474 1474 augetur
1512 1420 1575 1462 vel
1616 1421 1853 1463 diminuitur
1890 1424 1934 1465 in

387 1474 529 1515 eadem
567 1478 720 1517 ratione
757 1491 852 1517 cum
890 1477 1139 1531 posteriore,
1184 1476 1247 1516 vel
1285 1489 1379 1516 cum
1417 1474 1500 1528 ejus
1538 1475 1755 1529 reciproca.
1811 1476 1867 1517 Et
1904 1478 1934 1518 si

386 1541 522 1568 earum
560 1531 689 1584 aliqua
719 1530 876 1572 dicatur
906 1529 983 1570 effe
1012 1539 1056 1568 ut
1085 1529 1173 1569 sunt
1200 1529 1285 1568 aliae
1312 1529 1404 1568 duae
1433 1530 1496 1568 vel
1524 1529 1660 1581 plures
1688 1529 1840 1570 dirffle
1869 1532 1934 1573 vel

385 1582 566 1628 inverse;
605 1584 736 1624 sensus
774 1584 831 1624 est
851 1616 860 1629 ,
898 1583 1010 1635 quod
1041 1583 1166 1634 prima
1195 1592 1364 1633 augetur
1392 1583 1454 1623 vel
1485 1583 1677 1623 minuitur
1705 1583 1747 1623 in
1775 1585 1934 1627 ratione

385 1648 477 1688 quae
504 1637 762 1689 componitur
789 1649 842 1676 ex
868 1634 1089 1675 rationibus
1116 1635 1157 1673 in
1175 1635 1318 1687 quibus
1338 1635 1422 1673 aliae
1442 1637 1506 1674 vel
1527 1636 1690 1675 aliarum
1708 1638 1931 1690 reciprocae

385 1698 582 1742 augentur
619 1691 684 1731 vel
714 1690 1004 1730 diminuuntur.
1071 1686 1128 1727 Ut
1160 1686 1189 1727 si
1218 1690 1256 1728 A
1284 1687 1440 1735 dicatur
1468 1686 1545 1727 effe
1571 1698 1616 1728 ut
1645 1687 1679 1728 B
1706 1688 1859 1732 dire6³te
1886 1694 1931 1733 δε

385 1744 423 1785 C
451 1743 602 1785 directe
624 1744 664 1785 δε
686 1744 726 1785 D
747 1743 901 1785 inverse
921 1757 930 1784 z
960 1742 1092 1784 sensus
1120 1741 1196 1788 est,
1228 1740 1341 1797 quod
1363 1742 1402 1782 A
1422 1750 1590 1795 augetur
1608 1743 1671 1783 vel
1689 1741 1928 1832 l{iCaninuitur

1148 1808 1160 1830 1

385 1852 426 1892 in
457 1852 597 1893 eadem
625 1853 780 1893 ratione
813 1865 906 1893 cum
933 1849 1189 1900 B><C><i>‚
1216 1849 1295 1891 hoc
1318 1850 1395 1898 est,
1423 1848 1537 1904 quod
1555 1850 1595 1890 A
1619 1850 1659 1891 &
1684 1841 1853 1895 Tssunt
1874 1854 1925 1897 ad

360 1931 363 1935 ⁴
382 1907 558 1948 invicem
577 1908 617 1948 in
634 1908 789 1949 ratione
808 1907 912 1948 data.
1167 1939 1170 1942 .

916 1991 1249 2042 LEMMA
1306 1998 1386 2041 XI.

376 2069 598 2130 Subtensa
622 2074 879 2131 evanescens
901 2070 1054 2136 anguli
1073 2069 1316 2131 contestas,
1359 2069 1406 2118 in
1434 2069 1581 2119 curvis
1606 2068 1801 2118 omnibns
1823 2087 1925 2119 cur-

447 2138 859 2204 vaturamfinitam
885 2140 952 2188 ad
961 2139 1180 2206 punblum
1202 2138 1420 2188 contac‘i'ns
1446 2139 1732 2200 habentibus,
1773 2138 1831 2204 est
1853 2139 1922 2188 ul-

445 2208 555 2257 timo
579 2209 626 2257 in
650 2210 822 2258 ratione
845 2209 1076 2278 duplicata
1088 2208 1307 2270 subtensae
1333 2227 1461 2257 arcus
1487 2208 1763 2259 contermini.

436 2302 523 2356 Cas
542 2315 573 2343 1.
601 2302 641 2343 Si
669 2314 782 2343 arcus
801 2304 866 2344 ille
896 2303 1006 2351 AB,
1033 2313 1199 2358 tangens
1218 2302 1300 2355 ejus
1324 2302 1448 2348 AD,
1478 2300 1656 2342 subtensa
1677 2301 1808 2355 anguli
1826 2313 1924 2342 con-

375 2356 502 2397 stat‘tus
525 2357 574 2397 ad
597 2366 830 2408 tangentem
849 2358 1187 2411 perpendicularis
1219 2357 1338 2405 B‘D,
1366 2355 1550 2397 subtensa
1561 2369 1673 2396 arcus
1685 2356 1778 2396 AB.
1809 2355 1923 2396 Huic

376 2410 571 2454 subtensae
592 2411 683 2452 AB
704 2411 742 2452 δι
765 2413 944 2466 tangenti
962 2413 1063 2454 AD
1083 2411 1431 2468 perpendiculares
1453 2409 1659 2464 erigantur
1678 2410 1788 2457 AG,
1815 2408 1923 2456 BG,

1752 2475 1924 2505 concur-
