2079 3033
373 178 451 215 350
681 157 1173 203 PHILOSOPHIAE
1228 157 1631 203 NATURALIS

160 257 217 287 ns
238 256 337 286 Mons
373 259 423 287 ne
442 253 638 300 perpetuo
656 243 955 284 communicant
973 272 985 291 ,
1023 243 1066 283 δε
1083 243 1303 284 exteriores
1329 242 1383 282 illi
1410 240 1579 282 eandem
1598 249 1731 284 motus
1749 241 1906 299 quanti-

168 296 361 332 C⁰⁸P0¹²¹ffl2
377 311 501 342 tatem
519 301 560 340 in
580 299 674 338 alios
694 298 826 338 adhuc
845 298 1066 338 exteriores
1087 297 1199 338 simul
1216 294 1481 343 transferunt,
1508 308 1635 349 eaque
1652 295 1805 339 afflone
1833 299 1911 339 ser-

377 365 471 396 vant
489 353 751 406 quantitatem
771 363 906 392 motus
925 352 983 392 sui
1000 353 1114 405 plane
1130 352 1383 397 invariatam3
1414 339 1524 404 pa⁹tet
1543 349 1656 403 quod
1677 361 1808 393 motus
1823 364 1914 405 per-

378 419 503 464 petuo
523 405 757 447 transfertur
782 420 804 446 a
821 417 964 447 centro
983 406 1032 446 ad
1053 404 1416 446 circumferentiam
1437 403 1617 445 Vorticis
1635 431 1647 450 ‚
1674 403 1714 444 &
1737 417 1808 457 per
1825 406 1913 446 infi-

380 464 548 504 nitatem
574 460 910 501 circumferentiae
940 460 1181 500 absorbetur.
1243 458 1417 499 Materia
1445 458 1555 498 linter
1590 457 1796 511 sphaericas
1821 459 1917 500 duas

381 515 533 569 quasvis
548 514 784 568 superficies
804 514 966 556 Vortici
994 513 1268 555 concentricas
1296 525 1500 566 nunquam
1521 511 1807 558 accelerabitur
1826 541 1839 558 ,
1866 526 1916 554 eo

382 569 496 623 quod
513 578 668 610 motum
688 582 853 609 omnem
869 582 890 609 a
909 568 1074 610 materia
1091 568 1292 610 >interiore
1319 575 1531 621 acceptum
1561 565 1747 608 transfert
1757 566 1919 621 semper

383 625 424 665 in
443 623 701 666 exteriorem.

437 678 560 718 Corol.
579 693 615 729 4.
645 677 822 719 Proinde
841 677 890 718 ad
911 676 1255 718 conservationem
1272 674 1454 716 Vorticis
1466 675 1695 717 constanter
1712 676 1755 716 i
1765 675 1923 718 <eodem

377 731 575 773 movendi
592 732 713 779 statu,
741 732 958 786 requiritur
976 730 1216 784 principium
1238 729 1401 784 aliquod
1419 730 1613 777 activum,
1640 743 1662 770 a
1681 742 1764 784 quo
1784 731 1924 783 globus

384 786 556 827 eandem
575 785 727 839 semper
745 785 1011 840 quantitatem
1031 796 1163 825 motus
1192 784 1360 837 accipiat
1378 813 1389 830 ‚
1425 797 1545 838 quam
1572 784 1766 837 imprimit
1776 785 1824 824 ÷in
1843 798 1924 826 ma-

386 841 528 889 teriam
549 839 584 881 V
591 840 744 881 orticis.
800 839 964 893 Absque
984 840 1051 879 tali
1066 838 1269 891 principio
1288 837 1443 877 neceffe
1462 837 1519 877 est
1533 847 1577 876 ut
1598 837 1740 890 globus
1760 838 1802 876 δε
1821 839 1927 879 Vor-

389 894 477 934 ticis
495 903 625 948 partes
643 894 854 935 interiores
872 922 884 939 ‚
917 901 1186 944 propagantes
1203 891 1357 943 semper
1376 900 1535 930 motum
1559 890 1734 931 suumin
1754 891 1931 932 exterio-

382 960 473 995 res,
501 961 632 1002 neque
651 960 798 988 novum
818 946 992 999 aliquem
1011 954 1170 986 motum
1189 945 1428 998 recipientes
1442 973 1456 993 ‚
1495 944 1718 987 tardescant
1742 946 1930 999 paulatim

382 1001 432 1042 ,δι
453 1003 494 1042 in
514 1003 653 1042 orbem
674 1001 737 1053 agi
758 999 950 1040 desinant.

441 1056 568 1097 ⁴Corol.
591 1068 624 1104 5.
656 1053 695 1094 Si
714 1053 854 1108 globus
876 1054 975 1095 alter
1001 1055 1094 1097 huic
1122 1054 1284 1096 Vortiei
1310 1054 1359 1095 ad
1382 1062 1540 1096 certam
1563 1054 1617 1095 ab
1639 1052 1763 1108 ip'fius
1788 1064 1930 1096 centro

380 1110 611 1151 distantiam
630 1109 828 1149 innataret
847 1137 859 1156 ‚
897 1107 938 1147 &
967 1108 1122 1149 inter-ea
1152 1109 1257 1149 circa
1285 1121 1400 1149 axem
1430 1108 1694 1149 inclinatione
1724 1109 1863 1150 datum
1889 1110 1930 1150 vi

389 1164 518 1217 aliqua
543 1163 767 1204 constanter
796 1162 1069 1204 revolveretur
1092 1180 1102 1209 ;
1148 1163 1261 1215 hujus
1296 1171 1412 1203 motu
1450 1172 1657 1216 raperetur
1684 1160 1859 1204 fluidum
1887 1163 1930 1204 in

389 1217 624 1265 Vorticetm
655 1217 697 1257 δε
717 1216 847 1270 primo
867 1217 1142 1258 revolveretur
1169 1216 1234 1257 hic
1256 1216 1415 1259 Vortex
1438 1229 1566 1257 novus
1594 1216 1636 1255 δε
1665 1218 1831 1269 exiguus
1851 1229 1930 1257 una

389 1285 483 1313 cum
503 1271 625 1325 globo
645 1271 750 1311 circa
779 1280 963 1312 centrum
991 1272 1149 1311 alterius
1166 1300 1182 1317 ‚
1222 1270 1264 1311 δε
1293 1271 1446 1310 interea
1471 1270 1585 1310 latius
1610 1269 1785 1323 serperet
1813 1270 1931 1323 ipfius

391 1335 526 1367 motus
539 1355 550 1373 ‚
582 1324 623 1364 &
642 1326 828 1378 paulatim
848 1334 1135 1378 propagaretur
1156 1324 1196 1364 in
1224 1324 1424 1364 infinitum
1442 1353 1454 1371 ,
1491 1324 1542 1364 ad
1562 1323 1931 1374 modum'Vorticis

394 1380 526 1434 primi.
583 1378 637 1420 Et
655 1379 796 1419 eadem
823 1379 977 1419 ratione
1005 1391 1082 1432 qua
1111 1377 1225 1430 hujus
1253 1377 1393 1431 globus
1419 1386 1625 1432 raperetur
1653 1387 1768 1421 motu
1789 1378 1930 1421 Vorti-

390 1435 446 1474 cis
473 1433 631 1474 alterius
652 1460 663 1479 ,
702 1442 903 1486 raperetur
941 1433 1063 1474 etiam
1100 1432 1240 1485 globus
1282 1432 1456 1473 alterius-
1479 1441 1595 1472 motu
1623 1431 1736 1486 hujus
1755 1462 1767 1481 ,
1804 1433 1856 1473 fic
1884 1441 1931 1474 ut

392 1487 502 1541 globi
525 1487 613 1529 ‚duo
640 1487 746 1527 circa
773 1487 1062 1528 intermedium
1086 1486 1250 1541 aliquod
1270 1485 1463 1540 punerum
1490 1486 1794 1529 revolverentur
1814 1520 1823 1534 ‚
1871 1486 1931 1529 se-

395 1555 474 1596 que
504 1552 646 1581 mutuo
686 1541 738 1581 ob
776 1550 932 1582 motum
970 1542 1081 1583 illum
1124 1541 1357 1582 circularem
1385 1540 1602 1594 fugerent,
1650 1542 1721 1583 nifi
1747 1554 1819 1596 per
1847 1540 1931 1583 vim

389 1596 566 1650 *aliquam
614 1595 792 1636 cohibiti.
851 1596 991 1636 Postea
1030 1596 1058 1635 fi
1096 1596 1197 1635 vires
1243 1595 1468 1635 constanter
1506 1594 1745 1646 impress‘ae„'
1785 1595 1929 1649 quibus

394 1650 502 1704 globi
522 1650 562 1690 in
582 1649 755 1689 motibus
775 1649 849 1689 suis
868 1650 1119 1702 perseverant
1135 1677 1148 1695 ‚
1186 1648 1375 1688 cessarent
1393 1676 1404 1694 ‚
1443 1648 1484 1686 δε
1503 1647 1636 1686 omnia
1658 1649 1809 1701 legibus
1836 1649 1932 1689 Me-

394 1704 566 1745 chanicis
594 1703 926 1756 permitterentur
953 1732 964 1750 ‚
1006 1701 1278 1754 languesceret
1321 1700 1508 1753 paulatim
1546 1709 1680 1741 motus
1715 1703 1929 1755 globorum

396 1758 477 1810 (ob
495 1757 693 1797 rationem
710 1757 752 1796 in
768 1755 907 1797 Corol.
930 1770 963 1804 3·
983 1756 1024 1795 δε
1045 1770 1082 1807 4.
1103 1754 1361 1808 assignatam)
1383 1754 1425 1795 δε
1446 1753 1634 1796 Vortices
1652 1758 1816 1798 tandem
1835 1770 1930 1800 con·

395 1811 658 1866 quiescerent.
1911 1848 1914 1850 .

450 1866 570 1907 Corol.
591 1879 625 1917 9.
658 1863 699 1904 Si
728 1863 835 1917 globi
868 1864 999 1917 plures
1028 1862 1128 1903 datis
1156 1863 1198 1903 in
1224 1863 1322 1904 locis
1350 1863 1503 1903 circum
1534 1875 1626 1904 axes
1642 1863 1840 1918 positione
1860 1865 1928 1907 da-

395 1930 458 1960 tos
476 1920 594 1959 certis
616 1931 710 1959 cum
729 1918 1006 1958 veloc-itatibus
1032 1917 1258 1958 constanter
1285 1919 1586 1957 revolverentur
1604 1947 1615 1963 ‚
1650 1918 1793 1959 fierent
1821 1919 1930 1961 Vor-

397 1973 495 2015 tices
524 1972 697 2013 totidem
723 1972 764 2012 in
802 1972 1002 2012 infinitum
1040 1982 1261 2024 pergentes.
1313 1972 1418 2012 Nam
1446 1972 1557 2024 globi
1586 1971 1752 2025 singuli,
1786 1973 1930 2015 eadem

395 2030 550 2069 ratione
578 2041 654 2082 qua
680 2039 780 2066 unus
807 2026 945 2079 aliquis
972 2036 1130 2066 motum
1157 2027 1267 2067 suum
1295 2035 1489 2079 propagat
1516 2027 1558 2067 in
1582 2025 1782 2067 infinitum
1799 2056 1812 2074 ,
1840 2041 1928 2081 pro-

395 2081 597 2136 pagabunt
618 2081 737 2121 etiam
758 2091 890 2120 motus
909 2081 996 2121 suos
1024 2080 1065 2120 in
1092 2081 1293 2122 infinitum
1314 2111 1325 2127 ,
1361 2080 1463 2120 adeo
1484 2090 1528 2121 ut
1545 2079 1663 2120 fluidi
1679 2080 1823 2122 infiniti
1842 2095 1934 2135 pars-

398 2148 649 2188 unaquaeque
687 2148 737 2175 eo
774 2135 945 2187 agitetur
985 2144 1098 2175 motu
1136 2136 1204 2189 qui
1234 2149 1285 2176 ex
1313 2134 1494 2175 omnium
1521 2133 1736 2188 globorum
1763 2136 1931 2177 aetioni-

398 2190 471 2231 bus
507 2190 677 2229 resultat.
745 2188 866 2231 Unde
901 2188 1089 2231 Vortices
1134 2203 1217 2230 non
1265 2189 1509 2230 definientur
1546 2188 1665 2229 certis
1705 2189 1927 2238 limitibuo‚

399 2243 467 2284 sed
497 2243 538 2283 in
567 2243 605 2283 se
636 2252 776 2283 mutuo
806 2244 990 2296 paulatim
1020 2255 1264 2290 excurrent3
1302 2242 1490 2297 globique
1519 2255 1591 2296 per
1620 2241 1795 2284 afflones
1823 2243 1932 2284 Vor-

404 2297 530 2338 ticum
558 2297 599 2337 in
625 2296 665 2337 se
694 2307 836 2337 mutuo
854 2326 865 2342 ,
903 2307 1098 2352 perpetuo
1127 2298 1397 2339 movebuntur
1434 2297 1486 2337 de
1522 2297 1621 2337 locis
1655 2297 1760 2345 suis,
1802 2297 1859 2337 uti
1887 2298 1929 2339 in

405 2348 631 2395 Corollario
650 2352 852 2407 superiore
870 2353 1093 2408 expositum
1112 2353 1197 2402 est;
1234 2365 1367 2407 neque
1396 2361 1548 2393 certam
1575 2352 1873 2446 quamvissinter
1891 2352 1931 2392 se

1692 2417 1747 2459 po
1765 2414 1930 2447 itionem
