2079 3033
416 166 764 213 PRINCIPIA
792 167 1356 215 MATHEMATICAss
1583 188 1655 228 351

118 247 358 306 positionem
377 249 610 298 servabunt,
637 249 707 290 nifi
725 263 795 303 per
814 250 1084 305 vimaliquam
1105 253 1265 294 retenti.
1322 252 1569 296 Cessantibus
1588 267 1655 296 au-
1675 255 1774 285 ΜΠ
1789 255 1812 286 ff
1837 293 1844 301 ,

121 315 204 348 tem
225 305 371 347 viribus
388 304 461 345 illis
478 316 567 358 quae
587 304 627 345 in
647 304 788 357 globos
806 305 1031 346 constanter
1060 307 1254 361 impreffae
1282 308 1515 351 conservant
1536 309 1656 350 hosce
1673 294 1845 330 ssecunnus,

122 369 290 408 motus»,
314 360 478 402 materia
499 359 550 400 ob
569 359 766 400 rationem
791 360 840 400 ἱη1
864 359 1090 401 Corollario
1117 363 1238 403 tertio
1266 362 1307 403 &
1329 373 1473 418 quarto
1492 362 1657 418 affigna-

124 424 228 462 tam,
253 415 442 468 paulatim
461 412 681 467 requiescet
704 413 745 467 &
766 414 808 454 in
827 413 1017 455 Vortices
1036 415 1097 468 agi
1117 415 1282 458 desinet.

107 519 110 521 .
181 469 303 511 Corol.
327 484 360 519 7.
391 469 431 509 Si
451 467 622 509 fluidum
641 465 806 526 fitnilare
825 468 1032 509 claudatur
1052 469 1093 510 in
1122 470 1210 511 vase
1237 471 1430 525 sphaerico
1447 502 1458 521 ‚
1488 486 1532 514 ac
1551 473 1660 527 globi

126 524 167 565 in
188 534 329 565 centro
347 521 594 564 consistenti-s
614 521 807 563 uniformi
824 523 1025 564 rotatione
1042 534 1179 577 agatur
1196 524 1236 565 in
1258 526 1470 568 Vorticem
1483 558 1493 575 ,
1522 527 1663 581 globus

127 577 331 619 autem&
359 589 424 616 vas
449 576 491 617 in
519 574 690 616 eandem
715 587 869 628 partem
897 577 1002 617 circa
1030 591 1146 618 axem
1176 580 1351 621 eundem
1380 584 1665 630 revolvantur,

126 632 281 683 sintque
300 642 444 671 eorum
463 639 646 682 tempora
664 630 870 681 periodica
891 640 935 669 ut
954 632 1147 683 quadrata
1157 632 1666 690 semidiametrorurn:par-

125 694 185 726 tes
204 683 320 725 fluidi
337 696 421 725 non
439 683 546 737 prius
565 681 874 736 perseverabunt
891 683 933 723 in
959 684 1134 725 motibus
1163 685 1238 727 suis
1266 689 1345 729 fine
1373 691 1666 732 accelerati-one

94 740 109 783 f
129 739 171 780 ἃ
190 737 482 785 retardatione,
510 749 630 791 quam
649 735 722 777 fint
740 749 881 778 eorum
900 740 1308 793 tempora-periodica
1327 752 1371 781 ut
1390 745 1580 797 quadrata
1605 745 1665 786 di-

126 792 355 835 stantiarum
374 806 396 833 a
413 801 557 833 centro
575 789 768 834 vorticis.
827 791 917 832 Alia
945 791 1050 832 nulla
1077 790 1257 833 Vorticis
1286 795 1518 839 constitutio
1538 799 1669 852 potest

126 846 203 889 effe
229 859 478 901 permanens

184 901 307 944 Θυνοί.
324 900 363 942 ’8.
393 900 434 942 Si
453 914 542 950 vas,
559 900 732 942 fluidum
752 900 950 941 inclusum
970 900 1012 942 δε
1033 900 1176 954 globus
1196 901 1353 944 servent
1373 902 1480 945 hunc
1496 915 1683 954 motum,-

125 955 170 997 &
189 964 305 998 motu
323 965 518 1011 praeterea
536 955 743 997 communi
763 956 1066 1008 angularicir-ca·
1089 968 1204 996 axem
1237 959 1419 1011 quemvis
1448 959 1588 1001 datum
1608 974 1670 1002 re-

126 1011 370 1059 volva.ntur;
414 1011 606 1065 quoniam
635 1009 714 1050 hoc
743 1015 857 1050 motu
885 1023 995 1051 novo
1019 1022 1103 1051 non
1121 1019 1298 1052 mutatur
1323 1013 1481 1055 attritus
1499 1014 1673 1067 partium

127 1063 245 1106 fluidi
265 1064 308 1105 in
324 1064 578 1110 seinvicem,
608 1076 692 1104 non
711 1063 972 1105 mutabuntur
991 1074 1125 1106 motus
1145 1064 1315 1117 partium
1335 1066 1440 1107 inter
1459 1068 1507 1109 se.
1564 1068 1671 1110 Nam

125 1117 403 1160 transsationes
419 1120 599 1171 partium·
611 1120 717 1158 inter
734 1118 772 1158 se
791 1118 968 1172 pendent
1000 1118 1049 1159 ab
1075 1118 1225 1171 attritu.
1284 1119 1378 1161 Pars
1404 1121 1594 1176 quaelibet
1626 1124 1670 1164 in

122 1172 465 1226 eoperseverabit
483 1183 596 1214 motu
609 1200 621 1219 ‚
639 1185 724 1227 quo
744 1171 788 1212 fit
806 1181 848 1213 ut
869 1173 1008 1214 attritu
1029 1186 1081 1215 ex
1102 1185 1185 1221 uno
1207 1175 1330 1215 latere
1351 1187 1434 1216 non
1453 1177 1577 1230 magis
1595 1186 1674 1227 tar-¹

126 1225 246 1267 detur
259 1227 389 1280 ‘quam
409 1228 656 1268 acceleretur
676 1226 817 1268 attritu
837 1240 889 1267 ex
907 1228 1047 1269 altero.

183 1280 305 1321 Corol.
325 1295 363 1332 9.
392 1280 514 1321 Unde
533 1280 561 1321 fi
577 1294 642 1321 vas
661 1280 836 1335 quiescat
858 1294 902 1321 ac
921 1281 1040 1323 detur
1059 1290 1193 1322 motus
1213 1282 1342 1335 globi,
1362 1283 1519 1325 dabitur
1540 1293 1690 1326 motuS«

128 1334 258 1376 fluidi.
315 1334 420 1375 Nam
438 1335 609 1388 concipe
629 1336 790 1388 planum
816 1335 977 1376 transire
1005 1349 1077 1389 per-
1107 1348 1223 1376 axem
1250 1335 1418 1389 globi&
1440 1348 1557 1380 motu
1575 1352 1674 1382 con-=

131 1388 254 1430 trario
273 1389 447 1435 revolvi3
480 1389 521 1429 &
539 1401 647 1441 pone
665 1388 857 1428 summam
875 1390 1067 1441 temporis
1086 1390 1347 1430 revolutionis
1365 1390 1478 1444 hujus
1497 1393 1537 1432 δε
1557 1406 1675 1433 revo-

130 1443 295 1484 lutionis
313 1441 421 1495 globi
439 1441 516 1483 effe
539 1443 588 1483 ad
608 1453 765 1496 ternpus
785 1442 1047 1483 revolutionis
1069 1443 1175 1496 globi
1196 1470 1207 1489 ‚
1235 1453 1278 1484 ut
1298 1444 1537 1497 quadratum
1557 1445 1673 1486 semi-

132 1497 319 1537 diametri
339 1497 434 1538 vafis
453 1496 502 1537 ad
521 1496 760 1550 quadratum
780 1495 1067 1537 semidiametri
1088 1497 1195 1550 globi
1218 1510 1237 1536 :⁷
1268 1497 1308 1537 δε
1339 1506 1521 1551 tempora
1540 1500 1674 1552 perio-

132 1550 225 1592 dica
240 1550 411 1604 partium
430 1550 547 1592 fluidi
567 1551 745 1603 respectu
765 1550 866 1604 plani
887 1549 1001 1602 hujus
1017 1580 1028 1598 ‚
1065 1561 1183 1592 erunt
1198 1560 1243 1591 ut
1263 1551 1691 1605 quadrata'distantia->

131 1619 221 1647 rum
242 1606 397 1646 suarum
417 1619 437 1645 a
459 1613 602 1645 centro
621 1604 740 1656 globi.
1573 1637 1578 1642 .

188 1660 311 1701 Com.
333 1672 394 1699 10.
417 1657 600 1698 Proinde
619 1657 647 1697 fi
667 1669 731 1697 vas
749 1656 811 1698 vel
831 1657 933 1697 circa
963 1668 1079 1697 axem
1106 1657 1289 1698 eundern¹
1312 1671 1404 1700 cum
1434 1660 1579 1713 giobo,
1609 1662 1688 1703 vel*

132 1714 239 1754 eirca
258 1712 457 1753 diversum
479 1712 653 1765 aliquem
675 1740 686 1757 ‚
714 1710 914 1751 data-cum
933 1711 1149 1752 velocitate
1173 1725 1414 1767 quacunque
1435 1726 1687 1764 moveatur„

131 1767 290 1809 dabitur
309 1776 442 1808 motus
462 1765 591 1807 fluidi.
648 1765 754 1806 Nam
781 1763 809 1805 si
836 1764 1045 1818 Systemati
1070 1765 1148 1806 toti
1176 1765 1380 1808 auferatur
1418 1768 1512 1808 vafis
1541 1781 1695 1811 motus=

132 1821 328 1875 angularis
348 1852 357 1866 ,
396 1820 615 1861 manebunt
645 1828 783 1859 motus
808 1831 947 1859 omnes
974 1819 1102 1859 iidem·
1126 1820 1231 1860 inter
1259 1820 1297 1861 se
1327 1822 1396 1875 qui
1425 1822 1533 1876 prius
1552 1852 1579 1871 2>
1601 1837 1675 1878 per

133 1872 273 1916 CorOI.
294 1875 328 1915 8.
358 1873 414 1915 Et
433 1885 566 1915 motus
582 1872 646 1913 isti>
661 1886 737 1927 perv
751 1872 890 1913 Corol.
910 1887 944 1924 9.
964 1873 1175 1914 dabuntur.

194 1929 397 1969 Corol.11.
438 1928 477 1969 Si
505 1941 571 1968 vas
609 1927 649 1967 δε
688 1926 861 1967 fluidum
890 1927 1094 1980 quiescant
1123 1928 1163 1967 ὅζ
1193 1928 1333 1981 globus
1362 1929 1677 1972 uniformi‘cvnm

137 1981 256 2024 motu'
273 1983 501 2022 revolvatur
519 2011 530 2029 ,
567 1980 851 2035 propagabitur
870 1990 1003 2021 motus
1027 1982 1214 2034 paulatim
1242 1996 1314 2037 per
1339 1983 1512 2024 fluidum
1543 1994 1693 2027 toturn

136 2037 180 2078 in
205 2048 294 2083 vas,
322 2036 363 2075 &
393 2036 691 2089 circumagetur
715 2048 780 2075 vas
810 2034 1099 2077 nifiviolenter
1128 2037 1339 2078 detentum
1358 2067 1389 2085 ,Ἰ
1408 2050 1540 2092 neque
1568 2040 1697 2092 prius·

137 2088 509 2132 definent'fluidum
529 2089 570 2129 &
589 2103 653 2130 vas
672 2089 905 2135 accelerari,
934 2102 1052 2144 quam
1070 2090 1142 2131 {int
1170 2104 1311 2132 eorum
1326 2118 1327 2121 =
1341 2101 1523 2145 tempora
1533 2094 1674 2146 perio-

138 2145 231 2185 dica
257 2142 419 2197 aequalia
458 2143 703 2197 temporibus
742 2142 958 2196 periodicis
996 2144 1136 2197 globi5-
1176 2145 1303 2200 Quod
1330 2145 1359 2186 fi
1386 2159 1451 2186 vas
1481 2147 1519 2187 vi
1548 2148 1694 2200 aliquat-

141 2198 369 2240 detineatur
395 2197 467 2238 vel
493 2198 1042 2251 revolvatur'motuquovis·
1062 2199 1256 2241 constanti
1283 2199 1334 2239 &2
1355 2200 1576 2247 uniformi,
1604 2202 1692 2242 de--

140 2252 275 2294 veniet
294 2250 482 2292 Medium
502 2252 687 2305 paulatim
711 2251 761 2291 ad
780 2250 932 2292 statum·
950 2261 1087 2293 motus
1099 2253 1399 2296 in-aCorollariis
1422 2254 1454 2295 8.
1475 2269 1519 2306 9.-
1534 2254 1581 2295 ¹&
1614 2267 1694 2295 10,-

141 2306 297 2348 definiti
324 2335 351 2353 ,Α
381 2318 457 2347 nec
485 2305 525 2346 in
547 2306 825 2359 aliounquam
857 2306 1229 2362 statuquocunque
1254 2309 1530 2362 perseverabit.
1593 2308 1677 2348 De-

141 2360 238 2404 inde
264 2372 362 2405 vero
390 2360 447 2409 fi,
491 2359 636 2404 viribus
670 2360 746 2407 illis
782 2359 1019 2419 ceffantibus
1047 2362 1189 2416 quibus
1218 2376 1284 2414 vas
1314 2363 1362 2404 δε·
1385 2362 1524 2418 globus
1554 2361 1693 2456 ceigisn

1502 2425 1604 2457 moti
1631 2427 1698 2458 με)
