2079 3033
388 158 470 198 2'86
698 146 1194 197 PHILOSOPHIAE
1232 149 1661 196 NATURA-Lis

196 255 245 283 ns
265 253 364 283 Moru
398 236 441 276 δε
467 242 652 277 centrum
679 231 804 273 Globi
833 229 929 272 effer
958 234 1032 270 126
1053 225 1302 284 digitorum,
1331 241 1444 271 arcus
1463 236 1586 282 quem
1606 238 1794 275 centrum
1810 232 1936 277 Globi

196 289 601 343 ,Conponuwdescripfit
620 297 702 327 erat
725 300 800 337 124
815 290 846 329 ἐγ
876 284 1110 338 digitorum.
1135 283 1543 339 -Quoni'am‘cor'poris
1563 283 1940 331 osciilantis'uveloci-

399 356 458 387 tas
478 344 669 387 maxima,
696 340 749 381 ob
767 338 1023 380 resistentiam
1045 339 1183 386 Aeris,
1210 351 1294 380 non
1310 337 1453 380 incidit
1482 338 1522 378 in
1549 337 1742 391 puntOtum
1760 342 1939 385 infimum

400 413 515 442 arcus
535 395 746 450 descripti,
776 393 845 434 sed
871 394 912 434 in
940 394 1077 434 medio
1096 393 1182 434 fere
1211 394 1304 433 loco
1328 405 1441 434 arcus
1468 393 1590 433 totius
1627 393 1827 434 versatur:
1856 397 1940 438 haec

400 454 543 496 eadem
569 450 646 491 erit
674 448 835 490 circiter
859 462 906 489 ac
937 448 965 489 fi
992 447 1150 489 Globus
1176 448 1366 489 descensu
1401 447 1470 487 suo
1498 457 1588 486 toto
1622 447 1663 487 in
1695 446 1839 487 Medio
1864 461 1947 491 non

399 506 600 550 resistente
629 503 873 545 describeret
901 516 1013 544 arcus
1035 502 1137 543 illius
1163 513 1318 556 partem
1344 501 1551 542 dimidiam
1572 501 1793 554 digitorum
1826 506 1874 541 62
1895 507 1949 550 ³³2,

399 562 526 616 idque
546 561 588 600 in
608 558 832 614 Cycloide‚
858 558 908 599 ad
935 562 1055 613 quam
1083 566 1240 599 motum
1267 555 1438 597 Penduli
1468 555 1581 608 supra
1610 555 1872 596 reduximus:
1904 557 1944 596 &

379 626 618 670 'propterea
647 613 839 654 velocitas
867 613 931 654 illa
960 614 1125 667 aequalis*
1149 611 1226 659 erit
1255 609 1458 653 velocitati
1496 622 1616 662 quam
1641 609 1800 650 Globus
1821 639 1834 657 ‚
1860 622 1949 664 per-

400 669 713 724 pendiculariter
742 667 929 708 cadendo
958 667 1000 707 &
1026 666 1223 707 'casussuo‘
1248 663 1515 706 describendo
1534 669 1536 672 ’
1553 663 1805 705 altitudinem
1835 677 1948 706 arcus

401 726 502 767 illius
532 723 630 764 sinui
659 722 773 762 verso
800 723 996 775 aequalern
1019 749 1030 767 ,
1065 720 1273 774 acquirere
1303 718 1441 772 poffet.
1499 717 1568 758 Est
1591 718 1857 760 autem—finus
1885 719 1950 760 ille

402 780 538 820 versus
563 779 605 818 in
630 775 832 830 Cycloide
849 776 898 816 ad
916 788 1054 817 arcum
1072 775 1189 815 istum
1228 778 1276 812 62
1288 778 1320 814 ἐξ
1352 783 1398 813 ut
1435 785 1547 813 arcus
1573 772 1682 812 idem
1711 773 1762 813 ad
1788 773 1952 826 penduli

403 832 701 886 longitudinem
729 830 890 884 duplam
921 845 1030 880 252,
1057 829 1098 868 δε
1128 840 1342 881 propterea
1373 826 1530 879 aequalis
1563 826 1699 879 digitis
1731 840 1776 876 15
1795 856 1807 874 ‚
1862 828 1952 876 278.

406 891 544 940 Qare
570 886 758 926 velocitas
780 897 825 924 ea
841 885 920 937 ipsa
939 884 996 924 est
1014 890 1135 936 quam
1152 894 1299 933 corpus
1316 879 1503 920 cadendo
1532 878 1675 920 &casu
1697 881 1767 922 suo
1785 881 1955 934 spatium

410 957 480 993 15,
508 940 581 988 278
613 940 834 992 digitorum
861 935 1130 977 describendo
1157 935 1376 989 acquirere¹
1396 932 1554 988 posset.>
1593 933 1684 982 Tali
1710 933 1834 988 igitur
1861 948 1955 980 cum

409 995 622 1038 velocitate
651 992 810 1033 Globus
837 990 1093 1032 resistentiam
1122 988 1272 1044 'patitur
1293 1023 1303 1035 ‚
1343 1001 1435 1044 quae
1466 988 1511 1029 sit
1535 988 1592 1035 ,ad
1621 986 1886 1042 ejus'pondus
1912 996 1956 1031 ut

409 1065 459 1097 0,
489 1053 614 1098 61675
637 1047 686 1088 ad
710 1061 803 1094 121,
833 1047 894 1086 vel
927 1046 979 1097 (fi
1006 1044 1232 1086 resistentiae
1260 1056 1349 1096 pars
1376 1044 1439 1083 illa
1467 1043 1546 1083 sola
1563 1042 1761 1096 speetetur
1787 1056 1878 1098 quae
1902 1045 1957 1085 est

409 1106 451 1146 in
476 1102 700 1144 velocitatis
720 1101 874 1141 ratione
894 1100 1123 1152 duplicata)
1151 1109 1196 1139 ut
1217 1112 1264 1146 0,
1296 1101 1422 1148 56757,
1441 1097 1490 1137 ad
1515 1105 1598 1137 121.

463 1156 757 1211 Experimento
772 1164 905 1196 autem
932 1153 1225 1208 Hydrostatico
1243 1152 1378 1192 inveni
1402 1151 1516 1205 quod
1542 1151 1701 1204 pondus
1729 1151 1854 1194 Globi
1883 1154 1956 1194 hu-

411 1211 470 1265 jus
490 1211 611 1264 lignei
638 1209 735 1250 effet
763 1209 811 1250 ad
841 1209 999 1263 pondus
1018 1207 1144 1248 Globi
1162 1207 1279 1260 aquei
1298 1205 1583 1259 magnitudinis
1609 1205 1806 1256 ejusdem,
1835 1218 1878 1248 ut
1909 1222 1957 1259 55

411 1265 462 1306 ad
480 1278 529 1316 97
551 1278 559 1303 :
592 1265 632 1304 δε
651 1273 863 1317 propterea
883 1276 976 1304 cum
997 1276 1064 1301 121
1085 1262 1129 1301 fi‘t
1148 1261 1197 1300 ad
1219 1274 1297 1307 213
1320 1287 1332 1306 ‚
1369 1275 1394 1309 4
1424 1259 1465 1300 in
1492 1258 1634 1298 eadem
1670 1260 1825 1301 ratione
1842 1291 1854 1308 ,
1883 1264 1960 1303 erit

408 1317 778 1360 resistentia-Globi
804 1318 919 1371 aquei
947 1314 1110 1370 praefata
1136 1326 1229 1354 curn
1248 1313 1463 1353 velocitate
1494 1312 1789 1366 progredientis
1816 1315 1864 1356 ad
1896 1316 1955 1369 ip-

410 1373 483 1414 sius
504 1373 686 1425 pondus,
714 1381 757 1411 ut
778 1385 825 1418 Ο,
858 1374 984 1420 56752
1003 1369 1052 1409 ad
1073 1382 1144 1415 213
1160 1397 1171 1415 ‚
1197 1382 1224 1419 4
1240 1367 1281 1408 id
1300 1367 1380 1413 est,
1411 1375 1484 1407 ut1
1507 1366 1557 1406 ad
1571 1371 1696 1420 3765.
1723 1367 1844 1410 Unde
1864 1383 1958 1411 cum

409 1422 570 1480 pondus
600 1425 723 1465 Globi
752 1424 901 1478 aquei,
937 1435 1021 1477 quo
1051 1432 1236 1475 tempore
1262 1420 1420 1462 Globus
1446 1433 1539 1461 cum
1567 1420 1780 1462 velocitate
1807 1423 1960 1465 unifor-

411 1481 531 1521 miter
560 1479 790 1519 continuata
820 1478 1016 1518 describat
1041 1476 1338 1530 longitudinem
1367 1474 1589 1528 digitorum
1613 1489 1683 1523 30,
1712 1478 1787 1526 556
1811 1479 1958 1519 veloci-

410 1544 534 1574 tatem
553 1534 657 1573 illam
677 1544 841 1572 omnem
859 1532 898 1571 in
932 1530 1071 1573 Globo
1097 1531 1269 1572 cadente
1298 1542 1490 1584 generare
1515 1527 1641 1582 poffet
1661 1559 1672 1576 ,
1708 1531 1958 1574 manifestum

410 1588 468 1629 est
505 1586 617 1640 quod
657 1588 714 1626 vis
753 1584 980 1625 resistentiae
1017 1585 1167 1624 eodem
1207 1594 1393 1635 tempore
1436 1582 1690 1630 uniformiter
1728 1586 1958 1627 continuata

394 1640 552 1682 >tollere
583 1639 708 1693 poffet
735 1638 992 1678 velocitatem
1020 1638 1220 1675 minorem
1249 1635 1292 1674 in
1306 1637 1464 1675 ratione
1487 1649 1503 1671 1
1524 1635 1574 1673 ad
1595 1640 1671 1683 376
1695 1642 1705 1655 ¹
1734 1665 1747 1683 ,
1772 1638 1866 1677 hoc·
1882 1639 1958 1688 est,

1015 1701 1063 1804 317
1068 1756 1089 1790 6
1099 1757 1146 1790 ᾖ.
1229 1724 1284 1764 Et
1303 1719 1516 1778 propterea
1537 1737 1620 1779 quo
1648 1734 1831 1780 tempore
1858 1729 1956 1772 Glo-
1990 1708 1995 1712 ἱ

411 1800 525 1859 ὴῑιςῘ,
581 1823 626 1850 ea
653 1821 748 1850 curn
777 1808 991 1848 velocitate
1009 1805 1265 1846 uniformiter
1281 1804 1514 1846 continuata
1531 1834 1543 1852 ‚
1570 1806 1865 1859 longitudinem
1894 1811 1954 1852 se-

414 1863 660 1908 midiametri
679 1861 864 1911 1'uae,‚seu
881 1861 1104 1915 digitorum
1126 1875 1143 1908 3
1157 1864 1210 1909 ᾗ,
1237 1858 1462 1900 describere
1481 1859 1608 1913 poffet
1626 1889 1640 1908 ,
1667 1861 1817 1904 eodem
1842 1866 1956 1905 amit-

1026 1928 1043 1953 1

412 1967 518 1998 teret
548 1966 683 1997 motus
710 1955 768 1996 sui
798 1963 952 2008 partem
988 1972 1100 2031 3²33?-

463 2035 735 2078 Numerabam
762 2035 884 2076 etiam
914 2033 1176 2076 oscillationes
1214 2034 1356 2090 quibus
1392 2034 1624 2076 'pendulum
1652 2035 1836 2090 quartam
1869 2052 1956 2082 mo-

412 2101 476 2132 tus
505 2092 560 2131 sui
592 2102 747 2143 partem
770 2088 909 2130 amifit.
965 2088 1006 2128 In
1041 2088 1232 2143 sequente
1260 2089 1417 2131 Tabula
1443 2090 1598 2131 numeri
1628 2090 1800 2144 supremi
1829 2093 1956 2136 deno-

415 2155 499 2186 tant
521 2144 815 2197 longitudinem
836 2156 948 2184 arcus
966 2142 1154 2185 descensu
1176 2145 1305 2197 primo
1325 2144 1514 2198 descripti
1536 2176 1545 2190 ,
1577 2144 1618 2185 in
1648 2145 1784 2199 digitis
1802 2147 1843 2187 δε
1871 2158 1959 2202 ρειτ-

415 2199 522 2241 tibus
549 2199 666 2251 digiti
694 2197 914 2251 expressam
943 2212 952 2238 :
991 2199 1147 2240 numeri
1176 2197 1299 2239 medii
1326 2197 1547 2251 fignifieant
1575 2198 1869 2252 longitudinem
1899 2217 1958 2244 ar-

414 2267 485 2295 cus
513 2252 672 2294 ascensu
700 2253 843 2293 ultimo
872 2251 1092 2304 descripti;
1125 2253 1166 2293 &
1193 2252 1288 2294 loco
1311 2252 1451 2294 infimo
1487 2252 1588 2294 stant
1626 2253 1783 2295 numeri
1811 2256 1958 2298 oscilla-

409 2307 586 2349 tionum.
644 2306 978 2360 Experimentum
1005 2305 1190 2361 descripsi
1218 2316 1406 2361 tanquam
1427 2307 1550 2360 tnagis
1579 2307 1811 2350 accuratum
1836 2323 1957 2364 quam

415 2375 514 2458 cupi
539 2370 672 2404 motus
700 2374 787 2416 pars
810 2370 971 2404 tantum
1007 2359 1144 2406 otiava
1179 2361 1441 2406 amitteretur.
1496 2361 1707 2406 Calculum
1732 2373 1861 2404 tentet
1888 2366 1958 2418 qui

416 2427 470 2458 vo
486 2427 542 2458 et.

410 1730 632 1775 velocitatis
662 1727 784 1769 totius
814 1736 971 1780 partem

1786 2471 1961 2525 Descen-
