2079 3033
145 118 1824 398 INTRonocTIS?

372 611 926 716 Quadraturam
977 622 1412 700 Curvarum.

987 774 1027 782 r*

329 827 349 876 ἶ
384 826 472 885 ᾗ·
500 822 728 866 Uantitates
758 824 1067 866 Mathematicas
1095 822 1178 866 non
1209 837 1252 865 ut
1280 841 1332 867 ex
1352 829 1527 880 partibus
1546 836 1666 886 quam

414 888 424 896 ⁵
529 878 702 919 minimis
720 879 1060 928 constantes,'”sed
1079 888 1124 921 ut
1145 889 1258 922 mutu
1276 882 1471 933 continuo
1492 885 1666 938 descrip-

446 982 448 984 ,
530 944 587 975 tas
616 935 681 974 hic
711 933 934 975 considero.
993 934 1134 975 Lineae
1155 931 1434 977 describuntur
1453 951 1498 978 ac
1518 938 1665 980 descri-

531 989 667 1030 bendo
696 1000 938 1041 generantur
966 1002 1048 1029 non
1076 1002 1148 1042 per
1180 989 1466 1042 appositionem
1495 994 1667 1045 partium

379 1081 383 1088 ,
460 1043 465 1050 ’
533 1044 600 1084 sed
622 1055 693 1096 per
712 1053 869 1083 motum
891 1044 1130 1083 continuum
1143 1044 1382 1096 punctorum
1400 1075 1409 1092 ,
1441 1047 1667 1100 superficies

354 1103 367 1111 ⁷
534 1111 605 1151 per
633 1108 791 1137 motum
821 1097 1036 1145 linearum,
1065 1098 1188 1138 solida
1216 1112 1285 1152 per
1315 1110 1472 1141 motum
1502 1101 1666 1154 superfi-

409 1195 415 1204 l
465 1155 474 1161 ”
534 1153 710 1199 cierum,
738 1152 870 1205 anguli
898 1165 968 1204 per
996 1154 1239 1192 rotationem
1258 1154 1453 1201 laterum„
1483 1164 1667 1209 tempora

148 1246 151 1249 ,
486 1204 496 1216 ‘'
524 1220 595 1260 per
622 1206 779 1246 fluxum
817 1208 1057 1247 continuum
1077 1236 1087 1255 ‚
1133 1207 1174 1246 &
1212 1206 1263 1247 fic
1290 1207 1330 1247 in
1360 1209 1526 1249 caeteris.
1582 1210 1666 1251 Hae

112 1264 297 1307 Geneses
324 1262 367 1303 in
395 1271 532 1306 rerum
549 1272 689 1305 natura
706 1261 841 1301 locum
862 1274 955 1301 vere
972 1262 1120 1303 habent
1151 1261 1190 1301 ἅ
1219 1262 1261 1301 in
1293 1273 1407 1302 motu
1443 1276 1665 1317 corporum

114 1318 302 1375 quotidie
329 1327 561 1361 cernuntur.
619 1315 674 1356 Et
702 1315 751 1356 ad
779 1315 885 1356 hunc
917 1317 1087 1357 modum
1120 1316 1289 1358 Veteres
1319 1316 1510 1357 ducendo
1536 1318 1663 1361 recitas

115 1374 285 1416 mobiles
321 1372 362 1412 in
388 1371 687 1422 longitudinem
717 1371 914 1412 rectarum
942 1371 1210 1414 immobilium
1238 1371 1398 1424 genesin
1432 1371 1668 1416 docuerunt¹

116 1427 454 1480 rectangulorum.

171 1478 479 1525 Confiderando
507 1484 631 1538 igitur
659 1481 773 1536 quod
801 1481 1040 1535 quantitates
1060 1481 1274 1535 aequalibus
1294 1480 1544 1534 temporibus
1563 1483 1667 1524 cres-

115 1547 258 1579 centes
289 1535 331 1576 &
361 1533 582 1580 crescendo
612 1537 783 1591 genitae‚
814 1548 887 1588 pro
917 1537 1131 1576 velocitate
1159 1535 1301 1589 ’majori
1330 1537 1389 1575 vel
1422 1537 1567 1577 minori
1586 1551 1665 1591 qua

114 1592 299 1633 crescunt
326 1603 371 1631 ac
400 1601 665 1642 generantur,
695 1589 870 1631 evadunt
900 1594 1067 1644 majores
1097 1590 1162 1631 vel
1189 1591 1388 1636 minores;
1422 1591 1665 1634 methodum

114 1646 345 1700 quaerebam
382 1644 679 1688 determinandi
715 1647 955 1697 quantitates
992 1657 1043 1685 ex
1079 1643 1354 1685 velocitatibus
1385 1654 1569 1686 motuum
1601 1647 1664 1688 vel

113 1701 459 1742 incrementorum
490 1701 635 1755 quibus
666 1700 1002 1752 generantury&
1034 1700 1100 1738 has
1131 1711 1316 1738 motuum
1345 1699 1407 1738 vel
1437 1699 1663 1741 incremen-

114 1764 251 1795 torum
278 1753 510 1796 velocitates
530 1752 781 1795 nominando
801 1751 1018 1792 Fluxiones
1037 1754 1077 1791 6⁴:
1098 1752 1340 1805 quantitates
1359 1752 1510 1804 genitas
1529 1755 1663 1795 nomi-

115 1807 252 1849 nando
279 1807 489 1850 Fmentes,
517 1809 642 1847 incidi
669 1806 857 1858 paulatim
889 1807 1020 1846 Annis
1041 1810 1142 1855 1665
1168 1806 1208 1845 &
1231 1809 1334 1845 1666
1353 1807 1395 1846 in
1413 1806 1664 1849 Methodum

114 1861 359 1903 Fluxionum
377 1873 456 1913 qua
478 1862 542 1901 hic
567 1861 654 1900 usus
674 1860 757 1898 sum
778 1859 818 1897 in
838 1858 1093 1912 Quadratura
1112 1859 1352 1900 Curvarum.

170 1915 389 1955 Fluxiones
418 1915 506 1955 sunt
535 1927 654 1968 qua-m
683 1912 867 1964 proxime
894 1924 937 1952 ut
955 1911 1184 1954 Fluentium
1212 1923 1426 1966 augmenta
1444 1915 1664 1967 aequalibus

116 1969 310 2023 temporis
340 1970 540 2018 particulis
573 1981 693 2022 quam
721 1966 895 2006 minimis
924 1969 1079 2019 genita,
1116 1968 1177 2015 85,
1212 1980 1255 2008 ut
1285 1979 1467 2007 accurate
1495 1971 1664 2021 loquar,

117 2025 205 2065 sunt
233 2024 274 2063 in
295 2023 421 2074 prima
448 2026 603 2064 ratione
627 2032 938 2074 augmentorum
956 2022 1224 2067 nascentium;
1255 2023 1404 2075 exponi
1423 2033 1556 2063 autem
1575 2025 1665 2077 pos-

116 2079 205 2121 sunt
225 2091 296 2132 per
318 2077 437 2118 lineas
456 2080 717 2133 quascunque
735 2089 825 2130 quae
846 2076 934 2116 sunt
952 2077 1039 2130 ipfis
1059 2078 1387 2132 proportionales.

172 2204 230 2244 Ut
257 2203 283 2244 fi
311 2215 412 2244 areae
442 2202 576 2250 ABG,
608 2201 771 2244 AssDG
798 2201 1004 2244 ordinatis
1030 2205 1126 2253 BC,
1153 2206 1230 2247 BD
1249 2207 1363 2261 super
1382 2207 1460 2249 basi
1481 2209 1555 2251 AB
1574 2209 1664 2252 uni-‘

116 2259 238 2300 sormi
260 2272 350 2298 cum
370 2267 485 2303 motu
503 2258 852 2312 progredientibus
864 2258 1136 2301 describantur
1148 2291 1159 2308 ‚
1176 2261 1316 2303 harum
1327 2277 1505 2305 arearum
1517 2264 1662 2304 fluxio-

118 2327 188 2356 nes
207 2325 323 2356 erunt
341 2313 445 2355 inter
465 2312 503 2357 se
523 2324 568 2355 ut
590 2312 798 2355 Ordinatae
819 2313 1089 2408 descffibffmes
1108 2315 1179 2358 BC
1199 2316 1239 2357 &
1260 2317 1361 2368 BD,
1392 2320 1432 2360 &
1450 2332 1521 2374 per
1539 2318 1665 2414 Offl]
