2079 3033
439 153 788 200 PRINcwIA
846 152 1406 202 MATHEMATICA:
1640 179 1687 218 17

594 239 1122 285 COROLLARIUM
1158 244 1237 288 ιν.

138 328 375 379 Commune
390 326 634 396 gravitatis
648 328 876 389 Centrum,
896 342 1126 397 corporum
1139 328 1325 381 duorum
1337 332 1416 382 vel
1437 333 1645 402 plurium
1658 379 1672 400 ,

207 398 272 456 ab
288 397 528 448 aelionibus
553 411 783 464 corporum
808 397 924 446 inter
942 402 997 457 fi?
1019 417 1104 447 non
1127 415 1270 449 mutat
1285 402 1591 470 statumsuum
1604 409 1683 456 vel

206 481 343 518 motus
374 467 454 517 vel
472 466 633 533 quietis
658 493 671 527 ;
725 466 785 518 Εἴ
806 481 1050 536 propterea
1076 474 1306 536 corporum
1341 473 1534 522 omnium
1562 475 1610 524 in
1621 477 1677 540 fl?

204 548 351 586 mutuo
375 536 604 603 agentium
643 536 663 604 (
684 536 862 597 exclusis
900 536 1138 587 aetionibus
1162 539 1222 590 ἔφ’
1247 540 1574 608 impedimentis
1598 564 1675 593 ex-

198 605 367 673 ternis)
405 622 631 654 commune
659 607 871 653 Centrum
899 607 1145 673 gravitatis
1171 609 1250 657 'vel
1277 610 1463 676 quiescit
1485 613 1564 661 vel
1581 633 1680 662 mo·

134 677 136 679 ’
195 687 327 725 vetur
349 674 635 739 uniformiter
657 674 712 723 in.
742 674 976 727 direfium.

179 775 286 818 Nam
311 775 339 817 fi
363 774 509 829 punRa
527 774 611 817 duo
628 775 941 829 progrediantur
959 777 1152 819 uniformi
1171 789 1266 819 cum
1278 788 1393 820 motu
1404 780 1445 820 in
1455 780 1567 822 lineis
1586 796 1674 825 ree-

127 832 179 873 tis
199 860 213 879 ,
241 830 284 871 &
302 830 483 871 distantia
502 843 646 871 eorum
664 829 942 881 dividaturiin
958 834 1115 873 ratione
1135 832 1248 880 data,
1273 833 1466 887 punctum
1487 834 1672 879 diffidens

127 886 191 927 vel
208 885 378 939 quiescit
400 885 465 926 vel
491 884 751 939 progreditur
769 886 1027 928 uniformiter
1053 888 1094 928 in
1115 887 1217 928 linea
1241 887 1358 928 recia.
1416 887 1516 928 Hoc
1535 890 1671 943 postea

124 939 169 981 in
187 941 402 980 Letum-ate
421 953 525 981 xxm
544 940 861 987 demonstratur,
890 940 917 980 fi
936 942 1178 994 pun&orum
1197 951 1331 982 motus
1355 942 1450 983 fiant
1469 943 1510 983 in
1522 945 1669 988 eodem

121 995 244 1047 plano
256 1013 269 1040 ς
309 993 352 1034 &
371 993 512 1034 eadem
530 994 686 1035 ratione
708 993 972 1035 demonstrari
994 995 1127 1050 potest
1147 1024 1159 1042 ,
1188 995 1218 1036 fi
1236 1007 1369 1038 motus
1387 997 1442 1037 illi
1471 1011 1552 1038 non
1571 999 1668 1040 fiant

84 1053 95 1058 ”
121 1048 167 1090 in
185 1048 334 1090 eodem
354 1048 482 1101 plano.
549 1048 662 1101 Ergo
680 1048 709 1089 fi
737 1062 908 1102 corpora
934 1060 1200 1104 quotcunque
1219 1062 1436 1091 moventur
1454 1052 1666 1095 uniformi-

124 1110 187 1144 ter
216 1103 257 1144 in
287 1102 400 1143 lineis
417 1101 534 1143 rectis
553 1132 564 1151 ‚
598 1116 818 1144 commune
837 1114 1023 1145 centrum
1048 1104 1250 1158 gravitatis
1277 1105 1452 1147 duorum
1472 1119 1666 1162 quorum-

121 1157 180 1199 vis
200 1159 264 1199 vel
291 1157 459 1212 quiescit
478 1158 540 1197 vel
557 1157 817 1211 progreditur
836 1158 1093 1200 uniformiter
1111 1159 1152 1199 in
1172 1159 1274 1200 linea
1293 1161 1419 1208 re&a;
1451 1172 1666 1215 propterea

120 1213 234 1265 quod
264 1213 364 1253 linea
381 1243 393 1260 ‚
431 1212 577 1253 horum
604 1226 824 1267 corporum
853 1223 990 1254 centra
1017 1215 1058 1254 in
1085 1213 1202 1254 rectis
1221 1214 1476 1255 uniformiter
1495 1229 1666 1270 progre-

120 1266 273 1308 dientia
287 1267 459 1320 jungens
479 1296 491 1315 ,
529 1267 724 1308 dividitur
754 1268 802 1308 ab
821 1268 900 1308 hoc
927 1279 1071 1310 centro
1090 1269 1300 1310 communi
1316 1270 1359 1310 in
1378 1269 1534 1311 ratione
1552 1271 1662 1313 data.

118 1319 310 1363 Similiter
340 1322 382 1363 &
407 1335 625 1372 commune
651 1334 836 1363 centrum
856 1323 1002 1364 horum
1021 1324 1196 1364 duorum
1218 1323 1257 1363 δέ
1278 1324 1387 1364 tertii
1407 1324 1577 1377 cujusvis
1597 1325 1660 1366 vel

117 1376 287 1470 qgliescit
315 1378 378 1417 vel
396 1377 656 1430 progreditur
677 1377 934 1419 uniformiter
953 1380 994 1418 in
1017 1379 1119 1419 linea
1137 1379 1265 1424 1·ec³ta;
1313 1390 1526 1432 propterea
1545 1379 1659 1433 quod

114 1442 137 1470 a

184 1444 236 1472 eo
262 1430 456 1472 dividitur
485 1431 666 1472 distantia
687 1432 816 1473 centri
836 1433 1062 1474 communis
1082 1447 1301 1487 corporum
1313 1433 1541 1473 duorum&
1562 1446 1656 1475 cen-

113 1484 368 1537 tricorporis
393 1486 502 1523 tertii
520 1485 562 1522 in
589 1485 679 1522 data
703 1487 872 1521 ratione.
932 1488 1092 1521 Eodem
1113 1488 1239 1522 modo
1262 1487 1301 1523 δε
1322 1499 1540 1526 commune
1561 1501 1656 1528 cen-

111 1547 223 1578 trum
251 1537 398 1577 horum
428 1537 550 1576 trium
579 1537 620 1574 &
651 1535 781 1587 quarti
809 1533 980 1585 cujusvis
1020 1535 1083 1574 vel
1112 1536 1278 1588 quiescit
1307 1539 1370 1577 vel
1396 1540 1656 1590 progreditur

110 1591 369 1632 uniformiter
405 1591 447 1629 in
475 1589 575 1627 linea
602 1588 730 1631 reetm
761 1597 976 1645 propterea
996 1588 1108 1638 quod
1136 1589 1183 1626 ab
1206 1602 1261 1627 >eo
1299 1591 1492 1631 dividitur
1511 1593 1656 1635 distan-

111 1645 166 1687 tia
185 1644 290 1684 inter
308 1650 495 1683 centrum
527 1651 745 1680 commune
774 1648 898 1679 tr1um
927 1639 967 1679 δε
986 1651 1175 1681 centrum
1200 1643 1332 1695 quarti
1361 1643 1399 1682 in
1421 1645 1512 1685 data
1531 1648 1654 1688 ratio-

107 1711 186 1747 ne,
224 1698 266 1738 δι’.
285 1697 338 1738 fic
366 1696 406 1737 in
426 1694 638 1736 infinitum.
696 1694 821 1747 Igitur
839 1693 881 1734 in
907 1693 1113 1746 systemate
1142 1708 1359 1749 corporum
1380 1712 1470 1752 quae
1489 1700 1653 1743 aetioni-

108 1752 182 1794 bus
213 1753 256 1794 in
274 1752 313 1792 se
336 1752 512 1792 invicem
530 1749 692 1803 aliisque
713 1747 898 1789 omnibus
926 1749 967 1789 in
985 1748 1026 1789 se
1045 1750 1288 1792 extrinsecus
1308 1752 1501 1805 impressis
1521 1757 1652 1797 omni-

107 1819 164 1849 no
191 1816 332 1850 vacant
351 1835 363 1853 ‚
389 1806 576 1859 adeoque
604 1813 820 1844 moventur
849 1802 998 1857 singula
1025 1803 1281 1846 uniformiter
1306 1806 1345 1846 in
1377 1807 1492 1848 restis
1518 1808 1650 1863 fingu-

105 1861 153 1903 lis
170 1892 182 1910 ,
219 1874 438 1903 commune
469 1858 653 1900 omnium
678 1867 865 1900 centrum
883 1858 1087 1914 gravitatis
1106 1860 1170 1901 vel
1189 1860 1356 1915 quiescit
1376 1862 1440 1903 vel
1463 1876 1649 1907 movetur

109 1916 367 1958 uniformiter
383 1919 426 1956 in
445 1914 657 1957 direcium„

163 1970 294 2012 Porro
319 1971 361 2011 in
387 1969 591 2024 systemate
619 1970 795 2012 duorum
826 1980 1046 2026 corporum
1075 1972 1118 2013 in
1135 1972 1175 2014 se
1204 1973 1380 2014 invicem
1397 1975 1614 2026 ¹agentium
1634 2005 1646 2024 ‚

106 2039 202 2068 cum
235 2024 435 2066 *dist-antiae
470 2035 705 2065 centrorum
739 2025 946 2079 utriusque
973 2041 994 2068 a
1023 2029 1233 2068 communi
1272 2028 1475 2081 gravitatis
1503 2040 1646 2071 centro

104 2079 181 2122 fint
193 2080 402 2134 reciproce
421 2089 464 2120 ut
482 2092 676 2132 corpora;
708 2091 825 2121 erunt
845 2092 979 2123 motus
998 2081 1383 2136 relativicorporum
1397 2081 1646 2135 :eoi-undem,

103 2136 168 2177 vel
194 2133 419 2177 accedendi
445 2134 495 2174 ad
524 2144 710 2176 centrum
737 2134 834 2175 illud
862 2136 926 2176 vel
957 2136 1006 2177 ab
1027 2137 1176 2178 eodem
1203 2136 1444 2183 recedendi,
1473 2140 1643 2191 aequiles

101 2189 209 2230 inter
239 2190 291 2231 se.
349 2188 528 2230 Proinde
555 2198 741 2230 centrum
757 2189 854 2229 illud
876 2203 897 2230 a
916 2201 1100 2232 motuum
1121 2190 1335 2245 aequalibus
1355 2191 1641 2237 mutationibus

104 2243 144 2285 in
173 2255 304 2297 partes
335 2244 551 2284 contrarias
579 2243 688 2284 faecis
706 2274 718 2292 ‚
756 2254 877 2299 atque
896 2245 1000 2286 adeo
1020 2246 1068 2286 ab
1087 2245 1307 2286 aetionibus
1326 2245 1471 2286 horum
1492 2260 1640 2301 corpo-

104 2309 194 2339 rum
214 2299 322 2338 inter
339 2298 379 2338 se
398 2327 410 2346 ,
447 2311 524 2338 nec
543 2308 806 2351 promovetur
823 2312 898 2340 nec
918 2300 1144 2341 retardatur
1175 2313 1251 2341 nec
1281 2301 1549 2341 mutationem
1570 2314 1636 2354 pa-

104 2353 201 2394 titur
230 2353 272 2392 in
300 2352 402 2392 statu
428 2352 498 2392 suo
527 2352 662 2407 quoad
691 2362 848 2393 motum
877 2355 940 2395 vel
959 2357 1150 2408 quietem.
1206 2354 1250 2395 In
1269 2354 1473 2409 systemate
1502 2366 1637 2396 autem

102 2420 323 2462 corporum
348 2407 545 2462 plurium,
574 2407 763 2460 quoniam
788 2407 962 2450 duorum
984 2409 1218 2464 quorumvis
1238 2409 1279 2450 in
1297 2410 1336 2449 se
1358 2421 1500 2449 mutuo
1519 2421 1638 2461 agen-

105 2462 205 2520 tium
239 2474 459 2504 commune
497 2461 698 2515 gravitatis
735 2471 941 2559 centrumG
957 2463 1010 2504 ob
1051 2464 1249 2509 astionem
1278 2464 1384 2506 illam
1412 2464 1636 2505 nullatenus

1510 2527 1637 2560 mutat

1710 266 1858 306 Ltcns

1709 308 1879 346 Morus.
