2079 3033
145 253 325 286 Damm-

146 303 318 328 tiones.

331 140 367 209 '6
638 152 1131 210 PHILOSOPH‘IAE
1165 158 1576 203 NATURALIS

401 244 444 285 ΙΙ.
477 244 655 298 Spatium
677 242 936 288 Absolutum,
966 251 1106 281 natura
1130 240 1194 281 sua
1221 238 1365 292 absque
1393 238 1586 277 relatione
1604 237 1654 277 ad
1672 248 1886 282 externum

348 299 519 354 quodvis
540 330 552 347 ,
589 301 741 352 semper
769 306 902 336 manet
931 295 1096 336 fimilare
1122 295 1165 335 ἃ
1185 293 1410 334 immobile:
1442 291 1673 334 Relativum
1692 294 1747 334 est
1773 296 1887 350 spati-i

346 355 460 408 hujus
488 355 667 395 mensura
689 353 753 392 seu
774 349 969 390 dimenfio
987 349 1174 403 quaelibet
1196 347 1373 393 mobilis,
1403 359 1492 400 quae
1518 360 1539 385 a
1558 346 1726 387 senfibus
1746 351 1886 393 nostris

344 422 416 462 per
436 409 550 449 situm
578 409 690 448 suum
709 405 758 446 ad
786 418 955 458 corpora
984 404 1194 449 definitur,
1224 402 1263 441 8:
1292 416 1312 440 a
1340 402 1461 455 vulgo
1491 413 1565 454 pro
1593 401 1717 455 spatio
1745 401 1888 445 immo-

346 464 412 504 bili
443 464 677 515 usurpatur:
723 461 782 501 uti
808 459 1004 500 dimenfio
1032 458 1142 511 spatii
1167 457 1411 513 subterranei
1425 483 1445 502 ,‚
1492 456 1596 496 aerei
1623 457 1684 497 vel
1711 457 1890 501 coelestis

346 517 508 558 definita
529 529 598 569 per
616 516 730 556 situm
758 516 871 555 suum
896 514 947 553 ad
973 512 1159 552 Terram.
1216 511 1326 550 Idem
1353 511 1441 550 sunt
1468 510 1636 563 spatium
1666 511 1894 555 absolutum·

347 574 387 612 ἃ
409 572 614 610 relativum
629 601 640 616 ,
671 569 801 622 specie
822 568 863 608 ἅν
885 566 1186 620 magnitudine3
1217 565 1282 605 sed
1305 578 1387 605 non
1406 576 1638 617 permanent
1659 566 1769 606 idem
1787 567 1891 608 sem-

346 639 417 680 per
436 637 617 665 numero.
675 625 779 664 Nam
800 623 826 663 fi
846 622 1000 668 Terra,
1033 621 1141 661 verbi
1170 619 1312 674 gratia,
1338 630 1550 665 movetur3
1582 620 1748 673 spatium
1769 622 1889 663 Aeris

346 679 490 726 nostri,
516 679 625 733 quod
656 678 818 721 relative
848 676 890 716 δε
919 676 1099 729 respeeiu
1126 674 1270 715 Terrae
1296 674 1450 726 semper
1470 684 1602 714 manet
1621 675 1751 722 idem,
1780 688 1890 718 nunc

347 735 422 775 erit
442 748 517 774 una
537 747 623 787 pars
641 732 752 787 spatii
773 731 938 771 absoluti
957 731 997 771 in
1016 743 1135 784 quam
1156 731 1241 771 Aer
1261 728 1393 769 transit
1407 757 1417 775 ,
1445 742 1552 770 nunc
1572 729 1642 769 alia
1664 741 1751 782 pars
1780 730 1889 783 ejus;

348 790 389 828 &
411 788 461 828 sic
483 788 659 828 absolute
679 786 897 827 mutabitur
917 796 1125 838 perpetuo.

402 842 459 882 III.
490 843 626 882 Locus
647 842 702 881 est
729 854 815 893 pars
844 840 954 893 spatii
985 853 1103 893 quam
1131 851 1278 891 corpus
1296 847 1489 892 occupat,
1522 837 1658 891 estque
1677 850 1751 890 pro
1769 839 1893 880 ratio-

345 910 397 938 ne
417 897 528 950 spatii
546 897 609 936 vel
631 895 846 936 Absolutus
868 895 927 934 vel
950 894 1168 935 Relativus.
1203 894 1318 940 Pars,
1347 893 1533 946 inquam,
1562 892 1695 944 spatii3
1727 904 1810 933 non
1829 893 1892 935 Si-.

346 961 409 992 tus
438 952 638 1004 corporis,
666 951 729 990 vel
756 949 994 1002 Superficies
1019 949 1208 989 ambiens.
1283 948 1387 988 Nam
1425 947 1643 987 solidorum
1679 947 1893 1000 aequalium

346 1006 515 1060 aequales
544 1006 698 1058 semper
726 1003 815 1044 sunt
854 1003 964 1050 loci;
1012 1002 1252 1057 Superficies
1287 1012 1422 1042 autem
1451 1001 1503 1041 ob
1531 1000 1893 1044 diffim'ilitudinem

346 1060 563 1113 figurarum
582 1070 626 1100 ut
645 1059 861 1113 plurimum
889 1058 1104 1112 inaequales
1134 1058 1248 1103 sunt;
1278 1057 1384 1097 Situs
1412 1069 1511 1096 vero
1539 1056 1700 1109 proprie
1721 1057 1892 1108 loquen-

345 1114 402 1155 do
423 1114 687 1168 quantitatem
714 1126 794 1153 non
828 1112 995 1160 habent,
1021 1125 1153 1166 neque
1181 1122 1262 1151 tam
1290 1112 1378 1151 sunt
1397 1111 1484 1151 loca
1511 1123 1632 1163 quarn
1661 1109 1892 1151 affeffiones

346 1170 542 1210 locorum.
601 1168 744 1208 Motus
780 1168 904 1207 totius
938 1165 1049 1207 idem
1085 1165 1141 1207 est
1167 1178 1261 1206 cum
1289 1165 1439 1205 summa
1473 1176 1658 1205 motuum
1697 1166 1893 1218 partium,

346 1223 425 1264 hoc
445 1222 520 1267 est,
550 1222 751 1263 transsatio
771 1223 893 1262 totius
914 1220 965 1262 de
985 1221 1054 1262 suo
1074 1222 1167 1261 loco
1193 1219 1335 1260 eadem
1365 1218 1420 1259 est
1440 1233 1532 1260 cum
1559 1219 1711 1260 summa
1731 1219 1893 1260 transsa-

348 1278 505 1318 tionum
531 1278 700 1329 partium
722 1277 773 1316 de
792 1276 887 1316 locis
906 1275 1004 1323 suis;
1036 1275 1221 1328 adeoque
1241 1276 1352 1314 locus
1381 1275 1502 1314 totius
1529 1273 1638 1314 idem
1668 1287 1763 1314 cum
1788 1275 1894 1316 sum-

349 1345 415 1374 ma
434 1333 616 1372 locorum
646 1332 817 1385 partium
836 1360 848 1378 ‚
879 1331 918 1369 &
941 1342 1151 1383 propterea
1173 1330 1350 1370 internus
1381 1328 1422 1367 &
1443 1329 1484 1369 in
1504 1341 1679 1380 corpore
1696 1338 1800 1369 toto.

404 1386 474 1428 IV.
503 1385 647 1427 Motus
678 1386 894 1426 Absolutus
923 1383 978 1424 est
1006 1383 1209 1425 transsatio
1235 1383 1417 1437 corporis
1442 1382 1494 1423 de
1520 1383 1613 1423 loco
1640 1382 1820 1424 absoluto
1849 1381 1893 1425 iri

349 1441 484 1482 Iocum
505 1440 746 1485 absolutum,
779 1439 987 1480 Relativus
1017 1439 1069 1479 de
1096 1438 1262 1479 relativo
1289 1438 1331 1478 in
1359 1437 1579 1478 relativum.
1637 1438 1703 1478 Sic
1731 1437 1771 1478 in
1801 1438 1893 1479 navi

348 1508 440 1548 quae
459 1496 555 1534 velis
575 1493 688 1547 paffis
720 1493 847 1532 fertur
867 1521 878 1538 ‚
902 1494 1088 1532 relativus
1116 1492 1296 1544 corporis
1318 1492 1455 1532 Locus
1476 1491 1532 1532 est
1549 1492 1694 1544 navigii
1707 1492 1819 1545 regio
1829 1492 1894 1533 illa

349 1550 391 1589 in
419 1561 495 1600 qua
524 1559 668 1597 corpus
697 1546 871 1586 versatur
891 1574 903 1593 ‚
939 1545 1006 1585 seu
1036 1545 1212 1585 cavitatis
1245 1545 1366 1584 totius
1395 1557 1482 1597 pars
1508 1545 1569 1585 illa
1597 1558 1718 1599 quam
1748 1558 1894 1599 corpus

348 1603 509 1655 implet,
539 1613 710 1653 quaeque
730 1600 834 1638 adeo
861 1608 1048 1637 movetur
1076 1610 1151 1635 una
1179 1611 1273 1636 cur-n
1293 1599 1402 1636 navi:
1435 1598 1477 1636 ἃ
1504 1599 1631 1650 Quies
1649 1600 1811 1639 relativa
1839 1599 1896 1640 est

348 1654 569 1710 permansio
598 1652 778 1705 corporis
808 1651 850 1690 in
878 1649 1021 1690 eadem
1048 1649 1110 1689 illa
1139 1650 1245 1689 navis
1273 1650 1440 1702 regione
1468 1652 1529 1690 vel
1558 1661 1671 1703 parte
1700 1653 1893 1695 cavitatis.

350 1712 407 1750 At
435 1708 547 1762 quies
575 1719 670 1747 vera
699 1705 756 1746 est
782 1703 1003 1758 permansio
1041 1704 1222 1756 corporis
1250 1703 1290 1742 in
1325 1704 1465 1744 eadem
1494 1714 1607 1757 parte
1643 1705 1755 1759 spatii
1791 1707 1894 1748 illius

350 1763 509 1805 immoti
528 1763 569 1802 in
590 1774 668 1814 qua
689 1759 795 1800 navis
815 1758 892 1812 ipsa
911 1771 989 1799 una
1010 1771 1103 1798 cum
1129 1758 1299 1798 cavitate
1325 1757 1390 1798 sua
1418 1759 1458 1797 ἅτ
1485 1760 1686 1802 contentis
1704 1761 1894 1803 universis

351 1827 551 1859 movetur.
609 1814 729 1855 Unde
772 1813 800 1854 fi
836 1812 967 1853 Terra
1005 1825 1100 1853 vere
1130 1812 1329 1865 quiescit,
1375 1826 1521 1865 corpus
1567 1815 1680 1867 quod
1728 1815 1892 1857 relative

353 1872 520 1926 quiescit
538 1870 577 1910 in
596 1870 704 1916 navi,
735 1867 965 1908 movebitur
985 1879 1080 1907 vere
1109 1868 1150 1907 ὃς
1176 1866 1352 1907 absolute
1378 1881 1422 1907 ea
1450 1881 1541 1908 cum
1572 1870 1785 1911 velocitate
1813 1884 1893 1925 qua

353 1926 462 1968 navis
481 1935 666 1965 movetur
685 1924 724 1963 in
743 1922 886 1963 Terra.
944 1922 1013 1962 Sin
1039 1921 1171 1962 Terra
1199 1922 1320 1961 etiam
1340 1920 1551 1969 movetur3
1584 1924 1737 1965 orietur
1774 1933 1893 1966 ver'us

353 1981 396 2021 δε
417 1979 614 2020 absolutus
634 1977 814 2031 corporis
834 1986 991 2022 motus,
1020 1977 1163 2029 partim
1183 1989 1235 2016 ex
1270 1975 1415 2016 Terrae
1444 1987 1560 2017 motu
1588 1991 1686 2018 vero
1708 1979 1748 2019 in
1767 1979 1892 2032 spatio

353 2035 526 2076 immoto
546 2063 557 2081 ‚
586 2033 730 2086 partim
761 2045 812 2072 ex
838 2031 944 2071 navis
972 2040 1087 2071 motu
1114 2031 1282 2071 relativo
1310 2031 1351 2071 in
1379 2031 1541 2071 Terra:
1591 2033 1632 2073 ὅτ
1672 2033 1700 2073 fi
1745 2046 1893 2086 corpus

353 2089 473 2129 etiam
504 2098 690 2128 movetur
717 2086 880 2127 relative
907 2085 947 2125 in
974 2086 1064 2124 navi
1086 2107 1096 2132 3
1136 2086 1288 2126 orietur
1309 2099 1424 2126 verus
1452 2086 1534 2138 ejus
1564 2096 1720 2135 motus,
1748 2088 1893 2139 partim

352 2157 405 2184 ex
432 2155 529 2183 vero
556 2153 670 2183 motu
701 2140 846 2181 Terrae
875 2140 916 2180 in
947 2140 1071 2193 spatio
1100 2141 1270 2180 immoto
1290 2168 1302 2186 ‚
1353 2140 1495 2194 partim
1525 2154 1578 2182 ex
1604 2141 1777 2182 relativis
1805 2155 1895 2182 mo-

352 2197 457 2238 tibus
479 2207 564 2237 tum
585 2196 693 2236 navis
713 2195 753 2235 in
771 2194 926 2241 Terra,
955 2204 1042 2234 tum
1072 2194 1253 2248 corporis
1279 2195 1321 2234 in
1349 2195 1462 2241 navi;
1494 2194 1534 2234 &
1563 2209 1614 2236 ex
1639 2196 1698 2236 his
1717 2195 1893 2237 motibus

304 2266 309 2271 ·
353 2252 524 2293 relativis
545 2251 698 2290 orietur
719 2250 900 2303 corporis
919 2259 1054 2289 motus
1081 2250 1265 2290 relativus
1286 2249 1326 2289 in
1347 2249 1490 2289 Terra.
1527 2248 1584 2290 Ut
1602 2249 1631 2290 fi
1648 2250 1792 2291 Terrae
1804 2263 1893 2304 pars

352 2307 437 2353 illa,
466 2305 533 2346 ubi
553 2305 661 2345 navis
680 2303 878 2350 versatur,
907 2313 1120 2344 moveatur
1148 2317 1242 2344 vere
1269 2303 1310 2343 in
1336 2304 1536 2344 orientem
1567 2317 1660 2344 eum
1677 2306 1894 2346 velocitate
1956 2305 1964 2312 ”

351 2360 525 2414 partium
557 2373 708 2405 100103
739 2358 780 2398 δε
809 2357 904 2398 velis
924 2367 1130 2411 ventoque
1150 2358 1299 2399 feratur
1327 2358 1434 2400 navis
1462 2359 1502 2398 in
1524 2359 1781 2400 occidentem
1800 2371 1896 2400 cum

351 2415 565 2458 velocitate
598 2414 771 2468 partium
798 2412 976 2460 decem;
1022 2412 1154 2455 Nauta
1187 2422 1321 2454 autem
1359 2412 1534 2454 ambulet
1571 2413 1613 2454 in
1642 2414 1731 2455 navi
1759 2413 1894 2453 orien-

1810 2476 1893 2507 tem
