2079 3033
414 129 765 195 PRINCIPIA
793 149 1344 193 MATHEMATICA.
1571 152 1638 190 161

94 231 152 275 *ris
179 234 375 288 periodici
399 234 568 275 inverse:
599 241 711 286 patet
737 232 836 272 hanc
863 233 1058 273 rationem
1087 232 1347 287 cbmpofitam
1367 232 1535 274 diminui
1564 244 1635 286 per
1684 238 1811 268 Lxun

93 288 297 330 ,afflonem
325 289 382 329 vis
402 289 446 328 K
453 288 516 335 L,
546 288 730 340 adeoque
767 296 923 339 tempus
962 287 1215 340 periodicum
1233 317 1244 334 ‚
1274 287 1301 328 fi
1328 285 1483 328 maneat
1512 287 1634 339 Orbis
1654 278 1822 307 Parmos:

98 343 231 383 radius
257 344 364 390 TP‚
398 343 552 395 augeri,
581 341 704 393 idque
730 340 771 380 in
798 340 1068 394 subduplicata
1094 342 1248 382 ratione
1274 355 1351 395 qua
1370 343 1427 393 vis
1450 342 1511 382 illa
1541 355 1636 382 cen-

33 408 44 411 *
94 397 243 450 ‘tripeta
271 397 532 437 dim-inuitur:
567 394 765 448 auctoque
794 394 898 435 adeo
928 396 993 435 vel
1022 395 1223 436 diminuto
1249 396 1327 436 hoc
1348 396 1505 441 Radio,
1534 407 1636 437 tem-

96 464 171 505 pus
193 451 443 504 periodieum
461 449 596 502 augeri
615 450 757 502 magis,
786 450 847 489 vel
869 449 1037 490 diminui
1063 450 1192 491 minus
1210 463 1329 504 quam
1356 452 1395 490 in
1416 450 1536 491 Radii
1563 451 1636 491 hu-

93 505 156 556 jus
180 506 333 545 ratione
353 504 641 557 sesquiplicata‚
670 517 740 556 per
759 502 898 545 Corol.
919 511 953 544 6.
974 503 1094 556 Prop.
1117 518 1174 546 1v.
1232 504 1272 544 Si
1291 505 1346 546 vis
1366 505 1428 545 illa
1449 505 1633 558 corporis

99 559 282 600 centralis
311 558 496 611 paulatim
527 558 829 610 languesceret,
861 571 1008 610 corpus
1036 560 1078 598 P
1096 559 1225 599 minus
1253 559 1408 612 semper
1437 559 1478 599 δε
1506 560 1636 599 minus

98 612 306 654 attractum
341 623 538 665 perpetuo
564 611 774 652 recederet
805 612 959 665 longius
987 626 1007 652 a
1027 623 1169 652 centro
1190 613 1243 658 T;
1276 612 1315 653 ἃ
1339 623 1500 660 contra,
1528 613 1555 653 fi
1577 613 1637 654 vis

98 668 161 707 illa
184 666 420 719 augeretur,
450 665 662 706 accederet
692 665 865 718 propius.
924 666 1035 719 Ergo
1062 666 1087 705 fi
1108 665 1209 704 afflo
1228 668 1410 719 corporis
1429 668 1640 721 longinqui

83 719 151 768 -S,
173 733 252 774 qua
280 720 336 760 vis
372 720 435 761 illa
466 720 725 766 diminuitur,
754 729 945 771 augeatur
972 733 1016 758 ac
1045 719 1289 759 diminuatur
1309 733 1379 771 per
1401 722 1506 761 vices
1529 739 1539 767 ;
1572 735 1640 762 au-

99 775 259 829 gebitur
287 773 398 815 fimul
428 788 473 815 ac
502 774 748 815 diminuetur
774 773 929 818 Radius
957 773 1140 826 TP'per
1159 772 1285 818 vices,
1317 773 1358 812 &
1385 783 1541 827 tempus
1569 788 1640 829 pe-

97 829 298 869 riodicum
327 828 537 882 augebitur
564 843 608 868 ac
635 829 883 871 diminuetur
917 827 958 868 in
986 827 1140 867 ratione
1167 826 1386 880 composita
1414 841 1466 867 ex
1483 830 1637 870 ratione

45 910 46 913 =
98 883 367 935 sesquiplicata
393 883 511 923 Radii
533 883 573 922 ἃ*
597 883 750 922 ratione
770 882 1040 934 subduplicata
1060 894 1138 935 qua
1151 882 1208 921 vis
1226 881 1288 921 illa
1309 882 1530 934 centripeta
1549 896 1640 923 cor-

64 973 70 980 ,
96 938 206 988 poris
227 925 409 977 centralis
428 936 480 984 T,
509 950 579 990 per
607 937 996 977 incrementumvel
1023 935 1331 976 decrementum
1359 935 1521 985 actionis
1551 950 1641 978 cor-

99 991 208 1043 poris
232 992 440 1044 longinqui
464 991 513 1038 S,
540 991 777 1031 diminuitur
799 992 861 1031 vel
881 1000 1060 1043 augetur.

153 1044 276 1084 Corol.
309 1059 341 1093 7,
372 1045 436 1085 Ex
457 1044 662 1098 praemiffis
691 1044 948 1096 consequitur
969 1045 1089 1085 etiam
1110 1044 1221 1098 quod
1243 1044 1435 1098 Ellipseos
1453 1059 1473 1085 a
1493 1058 1644 1099 corpo-

97 1111 142 1139 re
169 1098 211 1138 P.
242 1098 450 1152 descriptae
472 1100 573 1139 Axis
592 1128 603 1145 ‚
638 1100 704 1139 seu
744 1099 939 1152 Apfidum
967 1098 1068 1139 linea
1087 1128 1097 1144 ‚
1126 1099 1260 1153 quoad
1293 1109 1450 1140 motum
1479 1101 1640 1153 angula-

96 1164 184 1193 rem
213 1153 472 1206 progreditur
498 1153 538 1192 δε
569 1153 795 1206 regreditur
822 1165 894 1206 per
913 1154 1039 1199 vices,
1069 1153 1285 1207 sed‘magis
1316 1164 1448 1194 tamen
1473 1167 1641 1208 progre-

93 1206 227 1254 ditur,
256 1206 296 1246 &
326 1208 367 1247 in
386 1207 543 1261 singulis
574 1208 754 1260 corporis
783 1206 1102 1248 revolutionibus
1128 1220 1200 1261 per
1229 1207 1433 1248 excessum
1459 1210 1640 1262 progres-

97 1260 212 1300 sionis
240 1260 367 1301 fertur
398 1262 762 1313 inconsequentia.
817 1261 920 1302 Nam
959 1262 1015 1302 vis
1043 1275 1120 1316 qua
1161 1274 1306 1315 corpus
1335 1263 1376 1302 P
1406 1272 1572 1316 urgetur
1598 1264 1640 1306 in

31 1331 77 1358 „v
97 1326 242 1366 corpus
270 1311 361 1355 Tin
387 1315 676 1367 Quadraturis‚
708 1314 777 1354 ubi
802 1316 865 1361 vis
886 1315 1002 1354 MN
1013 1318 1171 1356 evanuit
1192 1347 1204 1365 ,
1232 1317 1492 1369 componitur
1522 1330 1573 1358 ex
1601 1319 1640 1360 vi

95 1367 202 1408 LM
219 1368 259 1407 &
280 1368 317 1408 vi
337 1369 556 1420 centripeta
577 1381 656 1418 qua
680 1380 826 1419 corpus
854 1367 1022 1409 Ttrahit
1040 1383 1185 1423 corpus
1205 1372 1256 1411 P.
1297 1371 1369 1413 Vis
1388 1372 1497 1423 prior
1524 1371 1639 1421 LM,

94 1422 122 1463 fi
142 1432 335 1474 augeatur
363 1421 544 1462 dissantia
573 1420 687 1468 PT,
715 1429 883 1473 augetur
910 1423 951 1462 in
979 1423 1122 1462 eadem
1150 1423 1234 1463 fere
1261 1425 1418 1464 ratione
1446 1438 1540 1465 cum
1568 1427 1640 1467 hac

97 1475 298 1521 distantia,
328 1475 369 1515 δε
399 1476 456 1516 vis
476 1475 670 1529 posterior
700 1475 895 1515 decrescit
923 1475 965 1515 in
993 1472 1192 1528 duplicata
1219 1476 1282 1515 illa
1310 1477 1487 1523 ratione,
1517 1479 1640 1519 adeo-

98 1537 179 1583 que
208 1529 358 1569 summa
387 1529 526 1569 harum
557 1529 701 1569 virium
730 1529 922 1569 decrescit
951 1532 991 1569 in
1021 1529 1177 1569 minore
1203 1542 1321 1583 quam
1353 1529 1552 1582 duplicata
1582 1547 1642 1574 ra·

99 1585 211 1624 tione
230 1584 423 1623 distantiae
452 1581 557 1628 PT,
586 1583 625 1621 δε
646 1592 857 1633 propterea
888 1585 984 1633 (per
1005 1582 1144 1621 Corol.
1182 1596 1212 1622 1.
1233 1583 1351 1635 Prop.
1371 1588 1489 1634 XLV-)
1512 1583 1641 1629 efficit

99 1648 143 1678 ut
173 1638 297 1683 Aux,
333 1636 399 1676 seu
429 1635 545 1686 Apfis
584 1636 734 1674 summa
756 1663 767 1680 ‚
811 1634 1071 1685 regrediatur.
1128 1634 1172 1674 In
1207 1635 1505 1687 Conjunfflone
1542 1653 1641 1682 vero

99 1690 140 1731 &
159 1689 445 1742 Oppofitione‚
475 1688 531 1727 vis
551 1700 627 1741 qua
649 1699 794 1740 corpus
816 1687 858 1727 P
876 1698 1041 1740 urgetur
1066 1688 1106 1728 in
1126 1701 1271 1741 corpus
1292 1689 1568 1733 Tdifferentia
1586 1695 1643 1736 est

99 1744 203 1784 inter
231 1744 312 1784 vim
338 1757 416 1797 qua
443 1754 588 1795 corpus
616 1741 654 1781 T
676 1742 794 1782 trahit
824 1754 970 1795 corpus
1000 1742 1042 1781 P
1060 1743 1100 1782 &
1130 1742 1211 1783 vim
1231 1744 1276 1783 K
1282 1743 1352 1790 L;
1386 1745 1427 1784 ὅτ
1457 1746 1642 1789 differen-

100 1799 154 1838 tia
177 1798 238 1838 illa
257 1828 267 1845 ,
303 1808 517 1851 propterea
548 1795 659 1850 quod
688 1796 746 1837 vis
774 1796 820 1835 K
831 1795 870 1835 L
889 1806 1056 1849 augetur
1083 1800 1388 1851 quamproxime
1416 1799 1457 1840 in
1487 1801 1642 1843 ratione

100 1853 292 1893 distantiae
320 1851 423 1898 PT,
453 1850 647 1897 decrescit
675 1851 715 1891 in
743 1850 893 1904 majore
925 1863 1045 1904 quam
1083 1852 1282 1905 duplicata
1312 1854 1466 1894 ratione
1496 1854 1640 1898 distan-

100 1907 165 1946 tiae
187 1905 288 1953 PT,
316 1907 498 1959 adeoque
523 1907 620 1958 (per
638 1903 778 1945 Corol.
804 1919 834 1944 1·
860 1903 980 1957 Prop.
1003 1907 1122 1957 XLV.)
1142 1905 1268 1947 efficit
1289 1918 1332 1948 ut
1354 1909 1449 1948 Aux
1475 1921 1641 1962 progre-

101 1960 244 2000 diatur.
302 1959 344 2000 ln
365 1960 460 2009 locis
489 1960 592 1999 inter
620 1958 808 2014 Syzygias
840 1958 880 1998 δε
909 1959 1180 2012 Quadraturas
1208 1962 1359 2014 pendet
1390 1972 1523 2014 motus
1554 1967 1640 2004 Au-

102 2014 160 2066 gis
188 2027 237 2053 ex
265 2013 375 2053 causa
402 2025 570 2067 utraque
597 2013 841 2066 conjunffim
859 2042 869 2059 ‚
917 2013 1020 2053 adeo
1051 2024 1094 2055 ut
1134 2028 1208 2067 pro
1236 2016 1350 2068 hujus
1380 2017 1442 2056 vel
1477 2017 1638 2059 alterius

48 2072 51 2075 '
101 2067 258 2108 excessu
289 2067 567 2121 progrediatur
597 2068 675 2120 ipsa
703 2069 765 2108 vel
795 2067 1054 2120 regrediatur.
1112 2068 1234 2110 Unde
1268 2083 1362 2110 cum
1391 2070 1447 2111 vis
1477 2069 1567 2111 KL
1596 2072 1638 2114 in

101 2120 280 2174 Syzygiis
317 2121 360 2161 sit
391 2121 497 2175 quasi
524 2122 648 2175 duplo
677 2121 806 2174 major
828 2133 948 2174 quam
974 2122 1030 2162 vis
1057 2121 1167 2163 LM
1187 2123 1227 2163 in
1255 2123 1541 2178 Quadraturis‚
1571 2140 1639 2167 ex.

102 2175 225 2216 cessus
243 2177 290 2216 “in
331 2187 414 2215 tota
444 2177 693 2216 revolutione
722 2186 797 2216 erit
826 2189 949 2228 penes
970 2176 1049 2217 vim
1076 2177 1167 2218 KL
1188 2207 1198 2223 ‚
1228 2179 1521 2232 transferetque
1550 2181 1636 2221 Au-

94 2242 190 2282 gem
222 2230 379 2282 singulis
406 2230 720 2271 revolutionibus
747 2231 788 2270 in
815 2230 1110 2283 consequentia.
1167 2231 1327 2274 Veritas
1357 2244 1491 2274 autem
1521 2234 1635 2286 hujus

101 2285 143 2322 ὅτ.
175 2284 436 2336 praecedentis
464 2284 676 2324 Corollarii
704 2284 855 2324 facilius
892 2285 1133 2338 intelligetur
1160 2281 1430 2341 concipiendo
1460 2288 1635 2342 Systema

99 2351 318 2390 corporum
347 2338 518 2378 duorum
538 2337 592 2384 T,
623 2339 664 2378 P
683 2338 918 2391 corporibus
949 2339 1123 2390 pluribus
1152 2341 1199 2389 S,
1227 2341 1274 2389 S,
1305 2342 1351 2389 S,
1379 2342 1458 2383 δῖε.
1490 2344 1529 2382 in
1560 2341 1637 2381 Or-

98 2391 149 2434 be
177 2392 220 2432 E
230 2392 308 2433 SE
338 2392 666 2441 coniistentibu3‚
702 2393 881 2446 undique
910 2392 1028 2487 qi<ngi
1085 2396 1273 2450 Namque
1298 2397 1444 2439 horum
1475 2395 1621 2489 afflossfi
1662 2408 1669 2412 ·

917 2476 932 2488 a
1598 2461 1641 2491 us
