2079 3033
387 166 469 216 296
700 155 1190 213 PHILOSOPHIAE
1221 149 1635 200 NATURALI'S
1673 212 1676 215 ¹

200 252 248 281 DE
268 252 368 282 Moru,
391 248 541 289 Prioris
567 255 699 288 autem
730 242 885 297 generis
911 239 1136 281 resistentiae
1164 240 1251 281 sunt
1271 241 1318 281 ad
1339 241 1510 281 invicem
1529 251 1573 281 ut
1594 240 1695 281 vires
1710 248 1808 284 totae
1836 249 1925 287 mos*

198 290 510 344 ςΞΟΜὊΜΗἪ(ῑίεῑεῑε
540 316 560 342 a
590 299 731 354 quibus
761 297 971 342 oriuntur,
1015 295 1060 336 id
1094 295 1178 342 est,
1207 302 1267 335 'ut
1304 296 1406 337 vires
1435 305 1532 335 totae
1559 296 1850 339 accelerati-joes
1879 302 1922 342 &-

387 357 626 412 quantitates
654 352 832 392 materiae
860 351 900 390 in
928 349 1104 403 partibus
1130 349 1531 403 correspondentibus
1557 367 1567 395 ;
1616 349 1693 389 hoe
1721 349 1776 389 est
1813 355 1919 406 (per

389 408 672 466 Hypothesin)
702 416 745 446 ut
767 404 958 460 quadrata
985 404 1246 444 velocitatum
1273 404 1423 444 direete
1458 405 1497 444 δε
1528 401 1721 444 distantiae
1751 404 1925 456 particuss‘

387 468 513 507 larum
552 460 952 515 correspondentium
990 458 1144 509 inverse
1182 458 1223 497 δε
1260 459 1499 512 quantitates
1546 457 1725 498 materiae
1762 459 1803 498 in
1837 472 1922 512 par..

390 520 493 560 tibus
522 514 927 569 correspondentibus
952 511 1123 553 direvste:
1160 512 1336 564 ideoque
1375 515 1499 565 (cum
1528 510 1722 552 distantiae
1752 515 1924 565 particu-

391 574 519 613 larum
554 569 780 624 Systematis
815 568 934 613 unius
961 569 1034 609 sint
1062 566 1112 607 ad
1142 566 1337 607 distantias
1363 567 1722 620 correspondentes
1748 567 1923 618 particu-

393 628 519 667 larum
543 625 720 671 alterius,
749 632 793 663 ut
820 622 1016 663 diameter
1043 620 1247 674 particulae
1278 620 1340 660 vel
1370 622 1487 674 partis
1508 622 1548 661 in
1569 620 1786 673 Systernate
1812 622 1921 673 prio-

391 694 435 723 re
473 680 523 720 ad
555 679 795 720 diametrum
829 676 1034 730 particulae
1071 675 1135 715 vel
1162 673 1283 728 partis
1311 674 1659 727 correspondentis
1686 673 1728 714 in
1757 675 1884 715 altero
1905 703 1919 723 ,

393 735 436 776 &
464 734 703 789 quantitates
728 731 904 771 materiae
932 730 1005 770 sint
1036 739 1078 769 ut
1110 727 1320 769 densitates
1359 730 1531 782 pai-tium
1566 729 1608 769 δε
1641 727 1735 769 cubi
1770 728 1921 770 diame-

390 789 582 838 trorum)
623 785 849 827 refistentiae
875 785 964 825 sunt
1001 782 1052 824 ad
1086 783 1340 823 invicemut
1366 782 1559 835 quadrata
1585 783 1847 823 velocitatum
1879 783 1921 824 ἅν.

390 843 582 896 quadrata
608 838 904 881 diametrorum
929 838 970 877 δε
1000 836 1210 877 densitates
1229 836 1402 888 partium
1421 835 1694 886 Systematum.
1722 834 1776 890 Q
1792 836 1844 873 E.
1860 839 1922 878 D.

390 895 625 939 Posterioris
655 894 811 947 generis
837 891 1063 932 resistentiae
1098 890 1187 929 sunt
1218 898 1263 928 ut
1300 887 1569 928 reflexionum
1606 887 1926 941 corresponden-

391 952 494 993 tium
510 950 667 992 numeri
688 948 728 987 &
746 947 848 986 vires
866 942 1122 997 conjunff'tim.
1179 941 1351 982 Numeri
1375 950 1510 982 autem
1540 940 1805 983 reflexionum
1835 943 1925 984 sunt

390 1007 441 1048 ad
471 1005 645 1046 invicem
669 1012 713 1041 ut
741 998 974 1040 velocitates
1009 997 1181 1051 partium
1217 995 1617 1049 coi-respondentium
1655 995 1845 1046 diretta,
1886 997 1929 1038 δε

390 1061 511 1115 spatia
545 1059 648 1098 inter
685 1066 825 1099 earum
853 1052 1094 1093 reflexiones
1120 1050 1286 1091 inverse.
1344 1050 1399 1090 Et
1425 1051 1529 1092 vires
1546 1049 1816 1091 reflexionum
1834 1050 1925 1093 sunt

392 1125 437 1156 ut
474 1112 707 1154 velocitates
738 1109 778 1149 &
800 1106 1095 1162 magnitudines
1132 1105 1171 1145 &
1215 1103 1426 1145 densitates
1470 1105 1642 1158 partium
1689 1105 1927 1159 correspon-

394 1168 578 1209 dentium
604 1161 848 1216 conjunffim
870 1179 879 1208 ς
918 1161 960 1201 id
991 1159 1046 1201 est
1067 1188 1078 1206 ,
1113 1169 1158 1199 ut
1185 1158 1416 1199 velocitates
1449 1159 1491 1198 &
1517 1158 1809 1199 diametrorum
1835 1160 1929 1202 cubi

393 1224 433 1263 &
463 1221 677 1262 densitates
704 1216 890 1270 partium.
944 1215 998 1255 Et
1036 1211 1255 1266 conjunffls
1285 1212 1344 1253 his
1375 1212 1561 1253 omnibus
1588 1212 1806 1252 rationibus
1826 1240 1839 1257 ,
1866 1227 1931 1254 re-

385 1275 572 1319 sistentiae
606 1272 776 1326 partium
813 1268 1216 1322 coi-respondentium
1250 1266 1338 1306 sunt
1373 1266 1425 1308 ad
1458 1266 1632 1306 invicem
1668 1273 1714 1304 ut
1742 1266 1933 1318 quadrata
1961 1266 1964 1268 ’
1990 1298 2028 1320 ,⁷

392 1329 655 1371 velocitatum
693 1326 733 1365 &
766 1324 959 1378 quadrata
995 1322 1286 1362 diametrorum
1317 1319 1358 1360 &
1388 1319 1600 1361 densitates
1628 1319 1803 1373 partium
1831 1333 1932 1364 con-

386 1383 568 1437 junffim.
625 1380 678 1440 Q
706 1379 757 1419 E.
784 1378 847 1418 D.

449 1492 570 1534 Corol.
604 1502 636 1531 t.
666 1488 788 1543 Igitur
816 1487 844 1529 fi
870 1488 1086 1544 Systemata
1111 1486 1175 1527 illa
1204 1484 1281 1527 fint
1313 1485 1456 1528 Fluida
1487 1485 1571 1528 duo
1590 1485 1757 1528 Eiastica
1775 1487 1825 1528 ad
1843 1499 1932 1528 mo-

392 1547 491 1588 dum
521 1544 636 1586 Aeris
655 1572 667 1591 ,
712 1544 754 1584 δε
781 1552 913 1597 partes
940 1555 1082 1584 eorum
1112 1540 1316 1595 quiescant
1351 1543 1456 1582 inter
1479 1541 1549 1582 se:
1595 1554 1767 1595 corpora
1793 1553 1929 1583 autern

392 1603 476 1643 duo
512 1598 646 1641 similia
680 1597 722 1636 &
758 1597 935 1648 partibus
970 1596 1192 1635 fluidorum
1217 1595 1352 1645 quoad
1378 1594 1698 1646 magnitudinem
1728 1596 1769 1634 δε
1799 1595 1948 1635 densi->

392 1666 516 1700 tatem
542 1650 854 1705 proportionalia
872 1678 883 1696 ‚
921 1648 962 1688 δε
989 1648 1094 1687 inter
1121 1654 1251 1698 partes
1277 1648 1359 1685 illas
1384 1647 1560 1685 fimiliter
1593 1647 1720 1698 posita
1739 1676 1752 1694 ,
1790 1647 1929 1688 secun-

391 1711 491 1751 dum
524 1707 646 1747 lineas
682 1702 861 1755 similiter
895 1701 1039 1756 positas
1074 1709 1281 1751 utcunque
1316 1698 1604 1751 projiciantur;
1654 1699 1756 1740 vires
1791 1711 1928 1743 autem

320 1779 326 1781 “
392 1758 709 1804 accelerati-ices‚
736 1756 879 1810 quibus
906 1753 1108 1808 particulae
1136 1751 1374 1793 Fluidorum
1401 1753 1439 1792 se
1467 1762 1609 1802 mutuo
1636 1754 1787 1806 agitant
1805 1784 1817 1801 ‚
1851 1755 1928 1797 sint

392 1827 436 1858 ut
463 1825 679 1866 corporum
707 1808 980 1864 projestomm
1006 1806 1191 1847 diametri
1218 1806 1371 1846 inverse
1389 1835 1400 1852 ,
1437 1806 1478 1845 &
1514 1805 1705 1859 quadrata
1738 1809 1930 1850 velocita-

391 1881 477 1911 tutn
505 1865 681 1909 di-*retf’tffl
718 1875 889 1916 corpora
924 1862 988 1902 illa
1014 1859 1261 1914 temporibus
1290 1859 1654 1911 proportionali-bus
1687 1860 1830 1902 similes
1856 1876 1927 1904 ex-

391 1924 570 1966 citabunt
597 1930 730 1960 motus
756 1918 797 1957 in
824 1915 973 1957 Fluidis
990 1944 1003 1962 ,
1050 1914 1099 1954 δῖ’
1127 1913 1247 1967 spatia
1266 1912 1400 1955 similia
1425 1926 1470 1954 ac
1500 1913 1703 1955 diametris
1729 1915 1803 1956 suis
1829 1928 1924 1970 pro-

390 1974 628 2033 portionalia
646 1972 882 2013 describent.
1757 1969 1763 1974 ⁴

448 2031 570 2073 Corol.
598 2042 636 2069 2.
663 2026 842 2068 Proinde
870 2025 912 2065 in
939 2024 1086 2065 eodem
1114 2021 1261 2075 Fluido
1285 2021 1489 2076 projeffile
1515 2022 1635 2063 velox
1664 2021 1922 2067 resistentiam

391 2086 540 2142 patitur
567 2095 656 2136 quae
676 2081 730 2122 est
756 2081 798 2120 in
815 2079 1014 2133 duplicata
1032 2078 1187 2118 ratione
1205 2077 1426 2118 velocitatis
1445 2077 1763 2131 quamproxime.
1819 2079 1935 2120 Nam'

395 2141 425 2182 si
443 2141 567 2184 vires,
594 2137 737 2190 quibus
766 2134 969 2188 particulae
992 2132 1178 2173 distantes
1203 2131 1243 2172 se
1262 2141 1404 2172 mutuo
1423 2132 1593 2184 agitant,
1621 2142 1862 2186 augerentur
1881 2135 1924 2175 in
1979 2170 1981 2172 .

396 2193 595 2246 duplicata
623 2190 776 2230 ratione
812 2187 1051 2234 velocitatis,
1079 2185 1292 2228 resistentia
1321 2185 1427 2226 foret
1455 2188 1495 2226 in
1516 2185 1658 2226 eadem
1677 2187 1832 2228 ratione
1850 2187 1925 2229 du-

397 2248 539 2302 plicata
556 2253 758 2285 accurate:
788 2242 963 2297 ideoque
983 2242 1024 2282 in
1042 2240 1210 2287 Medio,
1237 2238 1347 2291 cujus
1367 2249 1497 2289 partes
1516 2240 1563 2280 ab
1583 2240 1757 2281 invicem
1782 2240 1926 2282 dissau-

399 2312 458 2343 tes
484 2300 563 2342 sese
588 2298 736 2339 viribus
765 2297 880 2337 nullis
898 2296 1069 2349 agitant,
1097 2294 1308 2336 resistentia
1327 2293 1384 2333 est
1402 2295 1442 2334 in
1463 2294 1660 2347 duplicata
1680 2296 1834 2336 ratione
1859 2297 1925 2336 ve-

400 2354 571 2399 locitatis
595 2361 790 2393 accurate.
845 2350 974 2391 Sunto
1001 2351 1123 2404 igitur
1150 2348 1290 2389 Media
1316 2349 1389 2387 tria
1424 2348 1486 2395 A,
1513 2348 1554 2388 B
1570 2378 1581 2396 ‚
1597 2349 1647 2389 „C
1677 2362 1728 2390 ex
1755 2348 1929 2401 partibus

398 2408 583 2455 similibus
623 2407 664 2448 &
700 2405 914 2463 aequalibus
949 2406 991 2447 &
1030 2403 1250 2448 secundum
1278 2401 1475 2445 distantias
1501 2405 1671 2457 aequales
1699 2402 1932 2496 reguii‘rsioer

1834 2469 1842 2495 1
1860 2468 1934 2508 po-
