2079 3033
443 137 796 187 PRINCIPIA
852 142 1413 190 MATHEMATICA:
1652 153 1704 195 81·

208 230 317 272 Dico
353 240 545 283 praeterea
583 229 693 284 quod
734 229 907 271 fi'recta
943 232 1073 284 aliqua
1109 243 1242 288 tangat
1281 234 1425 276 lineam
1465 246 1626 277 curvam
1655 237 1696 279 in
1713 245 1840 277 Lxfflt
1895 248 1898 250 ·

154 285 280 339 figura
306 286 431 339 prima
449 315 461 333 ,
502 286 586 325 haeC
614 284 900 324 recrateodem
929 288 1056 327 modo
1085 302 1179 328 cum
1208 302 1327 329 curva
1356 290 1397 330 in
1425 289 1593 344 figuram
1622 284 1871 332 no-PMMW?

155 353 242 380 vam
275 340 459 380 transsata
485 347 621 390 tanget
649 337 789 378 lineam
820 340 925 380 illam
954 355 1115 382 curvam
1144 343 1185 382 in
1211 343 1339 396 figura
1366 357 1490 384 nova:
1524 345 1565 386 ἃ
1595 360 1692 387 con-

155 392 224 435 tra.
282 397 385 435 Nam
415 395 441 434 fi
469 392 617 433 Curvae
646 403 794 445 puncta
822 395 971 446 quaevis
1010 397 1092 436 duo
1120 399 1319 438 accedunt
1354 400 1403 438 ad
1440 399 1614 441 invicem
1651 401 1695 441 Sc

151 459 301 489 coeunt
330 450 368 488 in
395 448 522 500 figura
552 447 704 500 prima,
751 459 900 499 puncta
935 449 1076 490 eadem
1114 451 1295 492 transsata
1332 453 1529 494 accedent
1555 455 1604 495 ad
1635 456 1695 496 in-

150 504 282 543 vicem
312 502 354 542 &
380 502 546 541 coibunt
576 502 618 541 in
646 513 771 553 ngura
795 517 904 543 nova
925 532 935 549 ‚
964 516 1084 558 atque
1114 507 1216 546 adeo
1246 518 1368 547 rectae
1386 538 1396 555 ‚
1435 509 1577 559 quibus
1605 509 1693 551 haec

149 567 294 609 puncta
326 556 546 609 junguntur
570 587 579 600 ‚
628 555 739 595 simul
782 557 954 597 evadent
995 573 1207 600 curvarum
1245 572 1453 615 tangentes
1490 563 1530 602 in
1568 563 1694 616 figura
1717 604 1732 606 c

147 620 327 664 utraque.
392 610 599 663 Componi
643 609 803 663 poffent
840 612 979 653 harum
1021 613 1276 655 affertionum
1322 616 1694 660 Demonstrationes

145 677 260 705 more
282 665 404 718 magis
425 664 705 705 Geometrico.
766 664 846 704 Sed
870 665 1055 707 brevitati
1075 668 1252 707 consulo.

159 740 165 743 -
198 718 323 772 Igitur
344 720 372 759 fi
401 721 526 772 figura
554 718 760 759 rectilinea
788 718 827 758 in
857 720 970 760 aliam
999 722 1294 761 transmutanda
1324 723 1404 770 est,
1430 725 1577 766 sufficit
1605 741 1692 769 rec-

145 781 274 814 tarum
305 787 326 814 a
352 774 494 828 quibus
525 772 726 813 conflatur
756 773 1058 815 interfectiones
1090 776 1304 816 transferre
1325 806 1336 823 ,
1364 778 1403 816 &
1432 791 1502 830 per
1531 781 1691 823 easdem

140 827 181 867 in
216 828 341 881 figura
368 842 472 869 nova
508 828 628 868 ‘lineas
663 838 792 867 rectas
822 829 982 870 ducere.
1041 830 1110 870 Sin
1140 831 1399 871 curvilineam
1428 833 1689 877 transmutare

139 892 324 934 oportet,
353 882 628 924 transferenda
650 882 737 922 sunt
756 892 927 936 puncta,
957 894 1167 937 tangentes
1186 885 1226 924 &
1248 885 1340 925 'aliae
1369 896 1492 927 rectae
1521 900 1690 940 quarum

137 948 216 989 ope
254 951 376 978 curva
411 938 511 978 linea
545 936 747 977 definitur.
805 937 969 978 Inservit
1006 948 1140 979 autem
1177 938 1256 979 hoc
1295 940 1467 981 Lemma
1503 942 1689 985 solutioni

94 990 97 992 ’
136 989 416 1032 difficiliorum
439 992 758 1039 problematum,
789 993 1088 1036 transmutando
1108 994 1251 1046 figuras
1280 995 1499 1047 propofitas
1527 995 1567 1036 in
1600 996 1688 1037 fim-

136 1045 334 1098 pliciores.
393 1048 495 1087 Nam
535 1058 658 1086 rectae
696 1047 849 1099 quaevis
880 1058 1173 1100 convergentes
1193 1049 1512 1089 transmutantur
1542 1051 1582 1090 in
1620 1064 1687 1104 pa-

134 1099 282 1140 rallelas
313 1130 324 1148 ‚
380 1101 610 1141 adhibendo
639 1113 712 1152 pro
743 1101 856 1140 radio
887 1101 1076 1141 ordinato
1105 1102 1238 1155 primo
1270 1131 1281 1149 ‚
1329 1103 1471 1144 lineam
1502 1107 1684 1157 quamvis

133 1165 283 1195 rectam
311 1168 401 1209 quae
429 1156 764 1208 peisconcursum
803 1156 1137 1209 convergentium
1177 1156 1312 1197 transit
1338 1171 1348 1197 :
1387 1158 1429 1198 id
1457 1158 1559 1198 adeo
1590 1160 1683 1213 quia

129 1210 346 1250 concursus
376 1210 439 1250 ille
468 1210 547 1250 hoc
567 1223 685 1263 pacto
722 1208 801 1249 abit
830 1210 871 1249 in
897 1210 1097 1251 infinitum
1125 1240 1135 1257 ‚
1182 1212 1297 1252 lineae
1325 1222 1457 1252 autem
1487 1214 1680 1266 parallelae

131 1262 219 1302 sunt
246 1277 336 1317 quae
365 1264 414 1303 ad
452 1275 647 1317 punctum
675 1263 829 1303 infinite
865 1264 1011 1305 distans
1052 1265 1235 1306 tendunt.
1292 1265 1507 1321 Postquam
1543 1276 1679 1309 autem

129 1315 343 1358 Problema
363 1318 525 1358 solvitur
555 1318 745 1370 infigura
765 1331 888 1363 nova,
918 1318 946 1358 fi
975 1332 1044 1371 per
1074 1319 1241 1360 inversas
1271 1323 1524 1374 operationes
1553 1331 1676 1362 trans-

127 1381 308 1412 mutetur
335 1373 420 1412 haec
452 1372 577 1424 figura
602 1372 642 1411 in
670 1372 838 1423 figuram.
865 1375 1033 1425 primam
1053 1403 1063 1419 ‚
1093 1373 1303 1415 habebitur
1330 1375 1474 1415 solutio
1502 1376 1675 1429 quaesita.

181 1425 291 1467 Utile
321 1427 376 1467 est
403 1426 522 1466 etiam
554 1427 630 1466 hoc
661 1425 831 1466 Lemma
871 1427 910 1467 in
940 1427 1138 1468 solutione
1175 1428 1406 1468 Solidorum
1446 1430 1676 1471 Problema-

126 1489 225 1520 tum.
284 1482 387 1521 Nam
418 1481 577 1533 quoties
607 1480 699 1518 duae
728 1480 926 1519 sectiones
966 1480 1135 1518 Conicae
1166 1480 1404 1521 obvenerint
1434 1511 1445 1528 ‚
1502 1496 1674 1534 quarum
1728 1492 1731 1495 ’

127 1533 410 1574 intersectione
442 1532 652 1573 problema
681 1532 778 1572 solvi
808 1533 936 1582 potest
970 1562 981 1579 ‚
1038 1543 1299 1573 transmutare
1329 1535 1423 1574 licet
1453 1549 1589 1576 earum
1620 1540 1674 1578 al-
1711 1571 1716 1572 γ

126 1596 344 1633 terutram‚
374 1587 400 1626 fi
433 1586 668 1638 Hyperbola
698 1584 743 1623 fit
774 1586 835 1623 vel
868 1586 1057 1624 parabola
1078 1614 1088 1630 ,
1124 1588 1165 1624 in
1197 1587 1386 1638 Ellipfin:
1426 1589 1572 1629 deinde
1605 1592 1675 1632 ffl-

123 1640 225 1693 lipfis
259 1640 373 1680 facile
403 1648 580 1678 mutatur
609 1639 648 1676 in
679 1637 899 1675 Circulum.
958 1637 1089 1677 Recta
1128 1638 1226 1677 item
1263 1640 1303 1678 ὅ(
1335 1640 1458 1680 sectio
1488 1642 1641 1685 Conica
1665 1676 1676 1694 ‚

122 1694 164 1735 in
192 1693 490 1734 constructione
517 1690 737 1732 Planorum
763 1689 1088 1740 problematum,
1116 1701 1327 1734 vertuntur
1360 1694 1401 1735 in
1431 1694 1607 1739 Rectam
1629 1700 1672 1740 δε

125 1748 346 1793 Circulum.

306 1856 724 1930 PRopostho
753 1886 896 1930 XXV.
953 1888 1339 1933 PROBLEMA
1374 1891 1504 1935 XVII.

124 2031 448 2097 Trajeeioriam
472 2034 720 2095 defiribere
757 2052 855 2101 quae
882 2047 971 2099 per
1008 2034 1119 2082 data
1151 2035 1233 2084 duo
1258 2037 1434 2104 punb'c'a
1457 2039 1665 2104 transtbit

140 2141 151 2145 -
193 2104 253 2157 {⁶3³
277 2103 421 2153 reblas
443 2118 529 2153 tres
552 2105 770 2170 continget
792 2102 1003 2171 posttione
1027 2103 1168 2154 datas.

176 2253 256 2294 Per
277 2254 513 2295 concursum
531 2253 781 2308 tangentium
802 2254 1028 2307 quatumvis
1048 2255 1220 2296 duarum
1241 2266 1334 2295 cum
1353 2254 1392 2295 se
1409 2253 1662 2300 invicem,&

122 2308 366 2350 eoncursutn
389 2309 581 2362 tangentis
602 2309 729 2349 tertiae
750 2321 844 2349 curn
864 2320 971 2349 recta
993 2309 1074 2357 illa,
1104 2323 1196 2364 quae
1218 2323 1287 2363 per
1303 2319 1449 2363 puncta
1469 2308 1552 2348 duo
1571 2308 1661 2367 data

125 2362 280 2409 transit,
309 2376 380 2416 age
399 2373 549 2404 rectam
565 2363 783 2409 infinitam;
805 2376 930 2416 eaque
946 2363 1124 2404 adhibita
1149 2378 1222 2418 pro
1243 2365 1355 2404 radio
1375 2363 1562 2404 ordinato
1583 2373 1660 2413 prl-

123 2430 215 2467 mo,
236 2427 522 2461 transmutetur
533 2417 758 2472 figura‚per
778 2418 950 2514 Lemnss
969 2420 1147 2473 superius
1161 2419 1227 2468 ‚in
1245 2419 1411 2472 figuram
1430 2413 1662 2511 novamhln

579 2481 582 2483 ·
1618 2481 1664 2511 ac
