2079 3033
454 174 802 222 PRINCIPIA
849 143 1401 224 MATHEMATICAss.
1616 198 1701 239 471·

205 259 307 316 ‘Quo
344 261 536 314 temporis
564 260 687 314 spatio
721 273 844 314 vapor
870 275 891 301 a
917 262 1048 316 capite
1083 263 1131 304 ad
1153 263 1369 305 terminum
1397 264 1536 306 caudae
1563 267 1782 312 ascen-1213
1794 279 1848 312 tx
1876 278 1888 283 “

153 314 236 362 dit,
263 315 452 368 cognosci
475 315 559 355 fere
583 315 711 367 potest
739 315 929 356 ducendo
959 316 1104 357 refflam
1133 331 1153 357 a
1185 319 1360 359 termino
1386 320 1523 360 caudae
1552 321 1601 362 ad
1621 321 1896 363 So-THU‘JS?

151 370 231 410 lem
251 382 272 416 ,’
307 372 349 409 δε
375 369 566 410 'notando
603 370 739 410 locum
778 370 844 410 ubi
875 370 978 411 re&a
1007 372 1069 411 illa
1099 371 1388 425 'I'rajetioriam
1417 374 1532 416 secat.
1589 377 1695 421 Nam

138 413 282 478 vapori*
301 423 342 464 in
363 424 538 465 termino
566 424 726 472 caudae,
754 424 782 465 fi
801 423 906 465 reeta
931 426 1115 466 ascendat
1134 440 1153 466 a
1174 428 1292 474 Sole,
1323 428 1537 471 ascendere
1565 433 1695 486 coepit

147 492 169 518 a
198 478 329 531 capite
357 491 440 531 quo
469 489 653 532 tempore
681 488 800 533 caput
829 489 913 519 erat
944 479 984 520 in
1012 480 1104 520 loco
1134 480 1433 524 intersedionis.
1492 486 1550 526 At
1568 499 1692 539 vapor

147 545 231 573 non
257 531 362 572 resta
386 533 562 573 ascendit
592 534 613 574 a
641 533 756 581 Sole,
783 533 851 574 sed
879 543 1036 575 motum
1064 534 1272 583 Cometae‚
1300 549 1421 590 quem
1441 548 1534 580 ante
1558 540 1690 584 ascen-

144 587 373 628 sum-suum
402 586 595 632 habebat,
622 587 856 634 retinendo,
888 588 930 628 δε
960 601 1053 629 cum
1085 599 1198 630 motu
1228 591 1405 632 ascensus
1433 593 1490 634 sui
1512 595 1692 639 eundem

144 639 434 694 componendo
451 667 462 684 ‚
511 638 687 678 ascendit
733 641 908 692 oblique.
973 642 1095 683 Unde
1139 644 1274 685 verior
1311 646 1387 686 erit
1427 647 1691 693 Problematis

91 743 94 745 v
143 695 289 736 solutio
307 722 319 741 ,
361 700 406 732 ut
444 690 550 732 resta
584 691 645 731 illa
674 703 765 745 quae
795 691 951 733 Orbem
978 695 1084 736 secat
1104 724 1115 742 ‚
1160 699 1338 751 parallela
1368 701 1413 741 fit
1443 702 1689 756 longitudini

143 747 305 798 caudae‚
341 747 405 787 vel
434 746 568 800 potius
599 744 666 797 (ob
696 756 853 786 motum
881 748 1146 790 curvilineum
1174 752 1390 804 Cometae)
1420 766 1465 796 ut
1493 758 1640 799 eadem·
1659 774 1685 801 a

138 802 243 843 linea
279 801 418 842 caudae
454 800 648 854 divergat.
703 798 802 856 Hoc
832 798 947 854 paeto
975 800 1112 842 inveni
1145 806 1257 856 quod
1286 820 1409 859 vapor
1438 811 1507 862 qui
1536 823 1618 852 erat
1647 814 1688 856 in

139 856 317 897 tel-mino
345 854 483 896 caudae
506 855 603 907 Jan.
635 867 707 904 25,
732 854 946 895 ascendere
970 867 1154 909 coeperat
1181 871 1201 897 a
1228 861 1359 912 capite
1381 873 1472 903 ante
1492 866 1584 905 Dec
1618 882 1702 916 119·

136 910 324 964 adeoque
359 909 518 951 ascensu
555 909 625 950 suo
663 917 753 948 toto
792 909 876 949 dies
912 910 998 962 plus
1027 924 1076 961 45
1108 912 1415 966 consumpserat.
1473 919 1531 958 At
1560 921 1699 963 cauda

137 964 202 1006 illa
235 965 366 1005 omnis
403 976 494 1018 quae
522 964 628 1004 Dec.
659 976 719 1004 10.
747 962 925 1017 apparuit
943 992 955 1010 ‚
998 965 1228 1006 ascenderat
1257 967 1383 1020 spatio
1411 971 1568 1013 dierum
1597 974 1684 1015 illo-

135 1031 228 1060 rum
273 1020 476 1066 duorum,
513 1017 590 1072 ‘qui
622 1023 648 1057 'a
685 1017 1094 1070 tempore-perihelii
1131 1020 1319 1062 Cometae
1356 1024 1473 1077 elapsi
1512 1027 1681 1071 fuerant.

132 1071 275 1126 Vapor
312 1073 434 1126 igitur
470 1071 539 1112 sub
575 1071 691 1112 initio
719 1072 761 1112 in
789 1071 933 1112 vicinia
957 1072 1060 1113 Solis
1086 1075 1295 1116 celerrime
1322 1076 1561 1121 ascendebat
1579 1111 1591 1129 ‚
1640 1083 1697 1125 &r

131 1127 266 1182 postea
303 1139 398 1167 cum
434 1136 551 1167 motu
587 1137 658 1178 per
692 1125 930 1179 gravitatem
966 1127 1074 1168 suam
1113 1129 1268 1182 semper
1304 1133 1511 1175 retardato
1547 1137 1681 1178 ascen-

131 1181 231 1222 dere
258 1181 472 1235 pergebat3
505 1180 546 1220 δε
572 1180 826 1221 ascendendo
853 1181 1022 1234 augebat
1042 1181 1338 1235 longitudinem
1357 1188 1523 1229 caudae:
1553 1191 1694 1233 cauda·

130 1244 266 1276 autern
311 1234 502 1290 quamdiu
546 1235 725 1288 apparuit
761 1247 814 1276 ex
848 1248 996 1289 vapore
1036 1235 1121 1277 fere
1161 1238 1272 1279 omni
1309 1240 1512 1289 constabat
1549 1246 1619 1299 qui
1656 1261 1678 1288 a

131 1299 318 1342 tempore
345 1289 533 1330 Perihelii
558 1288 820 1335 ascenderat3
860 1289 903 1329 &
928 1302 1074 1343 vapor,
1111 1291 1182 1345 qui
1210 1292 1361 1345 primus
1388 1295 1567 1339 ascendit
1585 1325 1597 1344 ‚
1637 1300 1680 1342 δε

130 1344 351 1385 terminum
381 1343 520 1384 caudae
549 1343 775 1396 composuit
794 1372 807 1391 ,
842 1356 925 1384 non
955 1344 1063 1397 prius
1091 1347 1252 1387 evanuit
1286 1360 1406 1401 quarn
1433 1351 1486 1391 ob
1515 1352 1695 1396 nimiam·-

130 1398 239 1439 suam
274 1408 354 1438 tam
391 1411 412 1438 a
440 1397 533 1438 Sole
567 1398 784 1439 illustrante
813 1410 935 1454 quam
962 1398 1011 1438 ab
1041 1399 1167 1440 oculis
1196 1400 1335 1441 nostris
1364 1402 1589 1446 distantiam
1619 1409 1679 1449 vi-

129 1452 217 1493 deri
255 1451 381 1493 desiit.
445 1451 565 1492 Unde
601 1453 722 1492 etiam
758 1452 897 1492 caudae
929 1451 1193 1494 Cometarum
1223 1455 1389 1496 aliorum
1420 1470 1510 1511 quae
1540 1459 1698 1503 breves-

127 1506 240 1554 sunt,
278 1520 360 1547 non
386 1505 604 1549 ascendunt
634 1516 750 1547 motu
779 1505 901 1546 celeri
931 1506 972 1547 δε
1001 1518 1208 1561 perpetuo⁴
1230 1509 1250 1549 a
1282 1510 1477 1562 capitibus
1508 1513 1548 1554 &
1580 1528 1693 1558 mox<-

127 1559 402 1608 evanescunt,
444 1561 511 1601 sed
551 1561 640 1601 sunt
675 1562 955 1612 permanentes
984 1574 1178 1615 vaporum
1210 1563 1250 1602 &
1281 1564 1576 1608 exhalationum
1606 1584 1676 1611 co-=

124 1614 293 1663 hunnae,
323 1629 345 1656 a
376 1614 569 1667 capitibus
597 1614 814 1655 lentissimo
843 1615 1063 1655 multorum
1093 1616 1249 1657 dierum
1279 1628 1394 1659 motu
1422 1619 1691 1675 p1·opag'atae‚,.

123 1681 239 1723 quae,
269 1668 544 1722 participando
571 1678 730 1708 motum
756 1669 867 1708 illum
896 1669 1070 1721 capitum
1099 1682 1224 1723 quem
1253 1671 1426 1713 habuere
1448 1675 1516 1716 sub
1535 1677 1673 1727 initio,

119 1735 192 1776 per
228 1724 357 1764 coelos
384 1722 460 1763 una
485 1734 579 1762 cum
605 1721 800 1774 capitibus
819 1723 974 1761 moveri
995 1734 1196 1774 pergunt„
1237 1723 1291 1764 Et
1309 1725 1402 1766 hinc
1432 1730 1562 1771 rursus
1585 1733 1681 1778 cols

120 1777 257 1829 ligitur
285 1776 404 1830 spatia
433 1775 609 1817 coelestia
637 1776 679 1816 vi
704 1774 907 1816 refistendi
937 1774 1131 1822 destitui;
1173 1786 1315 1830 utpote
1343 1780 1383 1820 in
1412 1783 1555 1834 quibus
1584 1799 1685 1828 noni

120 1829 247 1871 solum
274 1831 397 1870 solida
423 1829 677 1871 Planetarum
708 1830 748 1869 ἃ
779 1829 1044 1870 Cometarurn
1074 1843 1245 1884 corpora
1263 1861 1274 1879 ‚
1308 1831 1378 1873 sed
1407 1836 1528 1877 etiam
1559 1840 1669 1880 raris-

120 1883 205 1924 simi
235 1884 451 1924 caudarum
477 1895 643 1935 vapores
674 1891 807 1922 motus
835 1881 922 1922 suos
944 1882 1443 1929 velociffimosliberrime
1473 1903 1669 1946 peragunt

112 1942 166 1978 'ac
189 1936 406 1978 diutissime
425 1935 672 1976 conservant.

173 1991 394 2033 Ascensum
421 1989 638 2031 caudarum
674 2002 724 2030 ex
753 1989 1056 2043 Atmosphaeris-
1073 1992 1249 2045 capitum
1278 1994 1320 2033 &
1346 1997 1593 2049 progressum
1622 2000 1682 2043 in-

117 2057 248 2100 partes
273 2059 294 2085 a
322 2043 423 2088 Sole&
442 2041 593 2085 aversas
619 2043 815 2096 Keplerus
839 2044 1024 2084 adscribit
1050 2045 1195 2087 astioni
1221 2048 1424 2090 radiorum
1452 2052 1548 2092 lucis
1579 2064 1662 2095 ma-

118 2101 259 2141 teriam
286 2098 432 2139 caudae
452 2098 584 2138 secum
615 2098 875 2151 rapiendum.-
936 2097 990 2138 Et
1016 2112 1150 2140 auram
1179 2102 1299 2155 longe
1327 2103 1593 2147 tenuissimam
1619 2108 1677 2150 ἰηΔ

115 2155 247 2207 spatiis
275 2153 482 2193 liberrimis
511 2150 656 2192 affloni
684 2151 892 2192 radiorum
920 2151 1092 2200 cedere,
1119 2167 1201 2195 non
1231 2156 1287 2196 est
1311 2159 1517 2200 aratione
1545 2173 1658 2212 pror-

116 2209 177 2249 sus
205 2208 407 2254 alienum,
447 2219 527 2247 non
558 2205 737 2246 obstante
764 2206 876 2256 quod
906 2204 1132 2255 substantiae.
1153 2208 1283 2250 craffae
1302 2239 1313 2257 ,
1349 2211 1675 2264 impeditiffimis-

115 2262 156 2303 in
188 2261 416 2316 regionibus
452 2260 591 2301 nostris
614 2289 625 2307 ‚
668 2273 690 2299 a
717 2259 834 2299 radiis
863 2259 963 2300 Sol-is
988 2260 1215 2303 sensibiliter
1243 2266 1408 2319 propelli
1429 2278 1673 2321 nequeant„

113 2318 228 2358 Alius
263 2315 471 2369 particulas
509 2324 589 2354 tam
627 2315 733 2354 leves
761 2326 881 2368 quam
919 2326 1055 2366 graves
1084 2314 1168 2356 dari
1196 2317 1304 2371 posse
1333 2320 1557 2368 existimat,
1607 2322 1667 2362 &⁴

111 2370 319 2414 materiam
348 2369 564 2412 caudarum
593 2368 961 2422 levitare‚.perque
986 2367 1186 2411 levitatem
1213 2371 1325 2413 suam
1348 2387 1369 2414 a
1397 2374 1488 2416 Sole
1514 2374 1649 2470 {gem
1705 2392 1709 2393 ⁷

396 2447 398 2451 v
1567 2440 1671 2473 eres?¹
