<?xml version="1.0" encoding="UTF-8"?>
<!DOCTYPE html PUBLIC "-//W3C//DTD XHTML 1.0 Transitional//EN"
    "http://www.w3.org/TR/xhtml1/DTD/xhtml1-transitional.dtd">
<html xmlns="http://www.w3.org/1999/xhtml" xml:lang="en" lang="en">
 <head>
  <title>
</title>
<meta http-equiv="Content-Type" content="text/html;charset=utf-8" />
  <meta name='ocr-system' content='tesseract 3.04.00' />
  <meta name='ocr-capabilities' content='ocr_page ocr_carea ocr_par ocr_line ocrx_word'/>
</head>
<body>
  <div class='ocr_page' id='page_1' title='image "./philosophiaenatu00newt_0020.png"; bbox 0 0 2079 3033; ppageno 0'>
   <div class='ocr_carea' id='block_1_1' title="bbox 790 112 1455 189">
    <p class='ocr_par' dir='ltr' id='par_1_1' title="bbox 790 112 1455 189">
     <span class='ocr_line' id='line_1_1' title="bbox 790 112 1455 189; baseline -0.012 0"><span class='ocrx_word' id='word_1_1' title='bbox 790 112 1455 189; x_wconf 46' lang='lat' dir='ltr'><strong>{Devorata</strong></span> 
     </span>
    </p>
   </div>
   <div class='ocr_carea' id='block_1_2' title="bbox 307 219 1923 2342">
    <p class='ocr_par' dir='ltr' id='par_1_2' title="bbox 307 219 1901 990">
     <span class='ocr_line' id='line_1_2' title="bbox 394 219 1887 288; baseline -0.005 -12"><span class='ocrx_word' id='word_1_2' title='bbox 394 234 482 288; x_wconf 82' lang='lat' dir='ltr'><strong>Jam</strong></span> <span class='ocrx_word' id='word_1_3' title='bbox 511 232 608 275; x_wconf 83' lang='lat' dir='ltr'><strong>illud</strong></span> <span class='ocrx_word' id='word_1_4' title='bbox 639 229 813 272; x_wconf 91' lang='lat' dir='ltr'><strong>concedi</strong></span> <span class='ocrx_word' id='word_1_5' title='bbox 833 238 992 279; x_wconf 83' lang='lat' dir='ltr'><strong>aequum</strong></span> <span class='ocrx_word' id='word_1_6' title='bbox 1012 226 1088 273; x_wconf 86' lang='lat' dir='ltr'><strong>est,</strong></span> <span class='ocrx_word' id='word_1_7' title='bbox 1116 224 1229 280; x_wconf 90' lang='lat' dir='ltr'><strong>quod</strong></span> <span class='ocrx_word' id='word_1_8' title='bbox 1251 221 1551 274; x_wconf 67' lang='lat' dir='ltr'><strong>Mathematicis⁴</strong></span> <span class='ocrx_word' id='word_1_9' title='bbox 1564 219 1782 269; x_wconf 69' lang='lat' dir='ltr'><strong>rationibus</strong></span> <span class='ocrx_word' id='word_1_10' title='bbox 1802 227 1887 269; x_wconf 83' lang='lat' dir='ltr'><strong>col-</strong></span> 
     </span>
     <span class='ocr_line' id='line_1_3' title="bbox 347 279 1889 344; baseline -0.008 -14"><span class='ocrx_word' id='word_1_11' title='bbox 347 292 481 344; x_wconf 81' lang='lat' dir='ltr'><strong>ligitur</strong></span> <span class='ocrx_word' id='word_1_12' title='bbox 513 290 552 328; x_wconf 71' lang='grc' dir='ltr'><strong>δε</strong></span> <span class='ocrx_word' id='word_1_13' title='bbox 582 285 796 327; x_wconf 79' lang='lat' dir='ltr'><strong>cei-tillime</strong></span> <span class='ocrx_word' id='word_1_14' title='bbox 826 280 1152 326; x_wconf 59' lang='lat' dir='ltr'><strong>demonstratum</strong></span> <span class='ocrx_word' id='word_1_15' title='bbox 1200 279 1388 330; x_wconf 80' lang='lat' dir='ltr'>Corpora</span> <span class='ocrx_word' id='word_1_16' title='bbox 1415 289 1562 330; x_wconf 81' lang='lat' dir='ltr'><strong>nempe</strong></span> <span class='ocrx_word' id='word_1_17' title='bbox 1592 280 1722 323; x_wconf 77' lang='lat' dir='ltr'><strong>omnia</strong></span> <span class='ocrx_word' id='word_1_18' title='bbox 1743 310 1754 328; x_wconf 94' lang='lat'>,</span> <span class='ocrx_word' id='word_1_19' title='bbox 1797 294 1889 336; x_wconf 81' lang='lat' dir='ltr'><strong>quae</strong></span> 
     </span>
     <span class='ocr_line' id='line_1_4' title="bbox 348 331 1889 389; baseline -0.009 -4"><span class='ocrx_word' id='word_1_20' title='bbox 348 353 563 386; x_wconf 82' lang='lat' dir='ltr'><strong>moventur</strong></span> <span class='ocrx_word' id='word_1_21' title='bbox 591 344 630 382; x_wconf 90' lang='lat' dir='ltr'><strong>in</strong></span> <span class='ocrx_word' id='word_1_22' title='bbox 660 341 760 380; x_wconf 80' lang='lat' dir='ltr'><strong>linea</strong></span> <span class='ocrx_word' id='word_1_23' title='bbox 788 337 915 389; x_wconf 81' lang='lat' dir='ltr'><strong>aliqua</strong></span> <span class='ocrx_word' id='word_1_24' title='bbox 945 347 1066 375; x_wconf 88' lang='lat' dir='ltr'><strong>curva</strong></span> <span class='ocrx_word' id='word_1_25' title='bbox 1094 334 1136 374; x_wconf 89' lang='lat' dir='ltr'><strong>in</strong></span> <span class='ocrx_word' id='word_1_26' title='bbox 1161 334 1281 386; x_wconf 80' lang='lat' dir='ltr'><strong>plano</strong></span> <span class='ocrx_word' id='word_1_27' title='bbox 1307 331 1503 385; x_wconf 83' lang='lat' dir='ltr'><strong>descripta</strong></span> <span class='ocrx_word' id='word_1_28' title='bbox 1522 360 1534 378; x_wconf 89' lang='lat'>‚</span> <span class='ocrx_word' id='word_1_29' title='bbox 1575 343 1747 385; x_wconf 81' lang='lat' dir='ltr'><strong>quaeque</strong></span> <span class='ocrx_word' id='word_1_30' title='bbox 1774 332 1889 376; x_wconf 63' lang='lat' dir='ltr'><strong>radio</strong></span> 
     </span>
     <span class='ocr_line' id='line_1_5' title="bbox 350 385 1890 449; baseline -0.004 -16"><span class='ocrx_word' id='word_1_31' title='bbox 350 398 473 440; x_wconf 52' lang='lat' dir='ltr'><strong>duffo</strong></span> <span class='ocrx_word' id='word_1_32' title='bbox 511 398 561 437; x_wconf 74' lang='lat' dir='ltr'><strong>ad</strong></span> <span class='ocrx_word' id='word_1_33' title='bbox 600 393 790 449; x_wconf 58' lang='lat' dir='ltr'><strong>punelum</strong></span> <span class='ocrx_word' id='word_1_34' title='bbox 818 391 880 431; x_wconf 79' lang='lat' dir='ltr'><strong>&#39;vel</strong></span> <span class='ocrx_word' id='word_1_35' title='bbox 911 389 1117 444; x_wconf 81' lang='lat' dir='ltr'><strong>quiescens</strong></span> <span class='ocrx_word' id='word_1_36' title='bbox 1144 389 1206 428; x_wconf 90' lang='lat' dir='ltr'><strong>vel</strong></span> <span class='ocrx_word' id='word_1_37' title='bbox 1242 395 1449 438; x_wconf 86' lang='lat' dir='ltr'><strong>utcunque</strong></span> <span class='ocrx_word' id='word_1_38' title='bbox 1478 395 1633 426; x_wconf 88' lang='lat' dir='ltr'><strong>motum</strong></span> <span class='ocrx_word' id='word_1_39' title='bbox 1662 385 1890 430; x_wconf 85' lang='lat' dir='ltr'><strong>describunt</strong></span> 
     </span>
     <span class='ocr_line' id='line_1_6' title="bbox 349 439 1895 500; baseline -0.01 -7"><span class='ocrx_word' id='word_1_40' title='bbox 349 465 456 493; x_wconf 81' lang='lat' dir='ltr'><strong>areas</strong></span> <span class='ocrx_word' id='word_1_41' title='bbox 486 453 589 492; x_wconf 86' lang='lat' dir='ltr'><strong>circa</strong></span> <span class='ocrx_word' id='word_1_42' title='bbox 617 445 806 500; x_wconf 70' lang='lat' dir='ltr'><strong>punetum</strong></span> <span class='ocrx_word' id='word_1_43' title='bbox 834 445 930 485; x_wconf 89' lang='lat' dir='ltr'><strong>illud</strong></span> <span class='ocrx_word' id='word_1_44' title='bbox 961 442 1208 495; x_wconf 69' lang='lat' dir='ltr'>temporibus</span> <span class='ocrx_word' id='word_1_45' title='bbox 1236 439 1584 493; x_wconf 84' lang='lat' dir='ltr'>proportionales,</span> <span class='ocrx_word' id='word_1_46' title='bbox 1620 442 1755 493; x_wconf 86' lang='lat' dir='ltr'><strong>urgeri</strong></span> <span class='ocrx_word' id='word_1_47' title='bbox 1781 454 1801 480; x_wconf 85' lang='lat' dir='ltr'><strong>a</strong></span> <span class='ocrx_word' id='word_1_48' title='bbox 1820 442 1895 483; x_wconf 91' lang='lat' dir='ltr'><strong>Vi-</strong></span> 
     </span>
     <span class='ocr_line' id='line_1_7' title="bbox 353 493 1894 558; baseline -0.007 -10"><span class='ocrx_word' id='word_1_49' title='bbox 353 507 460 548; x_wconf 81' lang='lat' dir='ltr'><strong>ribus</strong></span> <span class='ocrx_word' id='word_1_50' title='bbox 487 517 576 558; x_wconf 74' lang='lat' dir='ltr'><strong>quse</strong></span> <span class='ocrx_word' id='word_1_51' title='bbox 606 501 656 540; x_wconf 79' lang='lat' dir='ltr'><strong>ad</strong></span> <span class='ocrx_word' id='word_1_52' title='bbox 685 501 796 540; x_wconf 88' lang='lat' dir='ltr'><strong>idem</strong></span> <span class='ocrx_word' id='word_1_53' title='bbox 823 498 1012 551; x_wconf 49' lang='lat' dir='ltr'><strong>punctum</strong></span> <span class='ocrx_word' id='word_1_54' title='bbox 1044 496 1232 536; x_wconf 84' lang='lat' dir='ltr'><strong>tendunt.</strong></span> <span class='ocrx_word' id='word_1_55' title='bbox 1288 493 1396 545; x_wconf 79' lang='lat' dir='ltr'><strong>Cum</strong></span> <span class='ocrx_word' id='word_1_56' title='bbox 1423 494 1545 546; x_wconf 87' lang='lat' dir='ltr'><strong>igitur</strong></span> <span class='ocrx_word' id='word_1_57' title='bbox 1571 494 1613 534; x_wconf 85' lang='lat' dir='ltr'><strong>in</strong></span> <span class='ocrx_word' id='word_1_58' title='bbox 1641 494 1820 535; x_wconf 80' lang='lat' dir='ltr'><strong>confeffo</strong></span> <span class='ocrx_word' id='word_1_59' title='bbox 1849 495 1894 538; x_wconf 86' lang='lat' dir='ltr'><strong>fit</strong></span> 
     </span>
     <span class='ocr_line' id='line_1_8' title="bbox 354 547 1895 613; baseline -0.006 -12"><span class='ocrx_word' id='word_1_60' title='bbox 354 560 458 613; x_wconf 84' lang='lat' dir='ltr'><strong>apud</strong></span> <span class='ocrx_word' id='word_1_61' title='bbox 490 556 758 598; x_wconf 60' lang='lat' dir='ltr'><strong>astronomos</strong></span> <span class='ocrx_word' id='word_1_62' title='bbox 777 582 789 601; x_wconf 89' lang='lat'>‚</span> <span class='ocrx_word' id='word_1_63' title='bbox 824 553 1008 592; x_wconf 72' lang='lat' dir='ltr'>planetas</span> <span class='ocrx_word' id='word_1_64' title='bbox 1039 549 1247 602; x_wconf 87' lang='lat' dir='ltr'><strong>primarios</strong></span> <span class='ocrx_word' id='word_1_65' title='bbox 1275 549 1431 587; x_wconf 84' lang='lat' dir='ltr'><strong>circum</strong></span> <span class='ocrx_word' id='word_1_66' title='bbox 1455 547 1614 594; x_wconf 84' lang='lat' dir='ltr'><strong>Sole-m,</strong></span> <span class='ocrx_word' id='word_1_67' title='bbox 1641 547 1895 591; x_wconf 84' lang='lat' dir='ltr'><strong>secundarios</strong></span> 
     </span>
     <span class='ocr_line' id='line_1_9' title="bbox 356 600 1896 661; baseline -0.004 -10"><span class='ocrx_word' id='word_1_68' title='bbox 356 625 451 654; x_wconf 87' lang='lat' dir='ltr'><strong>vero</strong></span> <span class='ocrx_word' id='word_1_69' title='bbox 482 612 634 651; x_wconf 88' lang='lat' dir='ltr'><strong>circum</strong></span> <span class='ocrx_word' id='word_1_70' title='bbox 663 609 751 649; x_wconf 83' lang='lat' dir='ltr'><strong>suos</strong></span> <span class='ocrx_word' id='word_1_71' title='bbox 780 606 990 661; x_wconf 74' lang='lat' dir='ltr'><strong>primarios</strong></span> <span class='ocrx_word' id='word_1_72' title='bbox 1008 633 1020 651; x_wconf 91' lang='lat'><strong>‚</strong></span> <span class='ocrx_word' id='word_1_73' title='bbox 1056 615 1162 644; x_wconf 83' lang='lat' dir='ltr'><strong>areas</strong></span> <span class='ocrx_word' id='word_1_74' title='bbox 1191 600 1417 642; x_wconf 74' lang='lat' dir='ltr'><strong>describere</strong></span> <span class='ocrx_word' id='word_1_75' title='bbox 1447 601 1694 655; x_wconf 88' lang='lat' dir='ltr'>temporibus</span> <span class='ocrx_word' id='word_1_76' title='bbox 1725 615 1896 657; x_wconf 54' lang='lat' dir='ltr'><strong>propotu,</strong></span> 
     </span>
     <span class='ocr_line' id='line_1_10' title="bbox 307 651 1896 715; baseline -0.006 -7"><span class='ocrx_word' id='word_1_77' title='bbox 307 672 310 675; x_wconf 73' lang='grc'>“</span> <span class='ocrx_word' id='word_1_78' title='bbox 353 667 542 713; x_wconf 80' lang='lat' dir='ltr'><strong>tionales;</strong></span> <span class='ocrx_word' id='word_1_79' title='bbox 571 664 820 715; x_wconf 83' lang='lat' dir='ltr'><strong>consequens</strong></span> <span class='ocrx_word' id='word_1_80' title='bbox 849 660 905 701; x_wconf 85' lang='lat' dir='ltr'><strong>est</strong></span> <span class='ocrx_word' id='word_1_81' title='bbox 935 669 977 699; x_wconf 87' lang='lat' dir='ltr'><strong>ut</strong></span> <span class='ocrx_word' id='word_1_82' title='bbox 1007 657 1080 699; x_wconf 83' lang='lat' dir='ltr'><strong>Vis</strong></span> <span class='ocrx_word' id='word_1_83' title='bbox 1108 658 1191 703; x_wconf 92' lang='lat' dir='ltr'><strong>illa,</strong></span> <span class='ocrx_word' id='word_1_84' title='bbox 1231 669 1309 710; x_wconf 82' lang='lat' dir='ltr'><strong>qua</strong></span> <span class='ocrx_word' id='word_1_85' title='bbox 1328 665 1524 708; x_wconf 79' lang='lat' dir='ltr'><strong>perpetuo</strong></span> <span class='ocrx_word' id='word_1_86' title='bbox 1550 651 1845 710; x_wconf 81' lang='lat' dir='ltr'><strong>detorquentur</strong></span> <span class='ocrx_word' id='word_1_87' title='bbox 1874 672 1896 698; x_wconf 87' lang='lat' dir='ltr'><strong>a</strong></span> 
     </span>
     <span class='ocr_line' id='line_1_11' title="bbox 352 709 1894 774; baseline -0.006 -12"><span class='ocrx_word' id='word_1_88' title='bbox 352 720 633 774; x_wconf 83' lang='lat' dir='ltr'><strong>Tangentibus</strong></span> <span class='ocrx_word' id='word_1_89' title='bbox 662 715 893 761; x_wconf 60' lang='lat' dir='ltr'><strong>rec&#39;tilineis,</strong></span> <span class='ocrx_word' id='word_1_90' title='bbox 923 713 964 754; x_wconf 60' lang='grc' dir='ltr'>ἃ</span> <span class='ocrx_word' id='word_1_91' title='bbox 992 713 1032 753; x_wconf 91' lang='lat' dir='ltr'><strong>in</strong></span> <span class='ocrx_word' id='word_1_92' title='bbox 1063 711 1216 752; x_wconf 86' lang='lat' dir='ltr'><strong>Orbitis</strong></span> <span class='ocrx_word' id='word_1_93' title='bbox 1245 709 1472 751; x_wconf 80' lang='lat' dir='ltr'><strong>curvilineis</strong></span> <span class='ocrx_word' id='word_1_94' title='bbox 1495 710 1650 751; x_wconf 73' lang='lat' dir='ltr'><strong>revolvi</strong></span> <span class='ocrx_word' id='word_1_95' title='bbox 1669 722 1894 764; x_wconf 84' lang='lat' dir='ltr'><strong>coguntur,</strong></span> 
     </span>
     <span class='ocr_line' id='line_1_12' title="bbox 356 763 1897 826; baseline -0.005 -10"><span class='ocrx_word' id='word_1_96' title='bbox 356 775 487 815; x_wconf 82' lang='lat' dir='ltr'><strong>versus</strong></span> <span class='ocrx_word' id='word_1_97' title='bbox 516 786 688 826; x_wconf 83' lang='lat' dir='ltr'><strong>corpora</strong></span> <span class='ocrx_word' id='word_1_98' title='bbox 717 770 909 823; x_wconf 82' lang='lat' dir='ltr'>dirigatur</span> <span class='ocrx_word' id='word_1_99' title='bbox 938 780 1028 821; x_wconf 82' lang='lat' dir='ltr'><strong>quae</strong></span> <span class='ocrx_word' id='word_1_100' title='bbox 1056 766 1124 806; x_wconf 83' lang='lat' dir='ltr'><strong>sita</strong></span> <span class='ocrx_word' id='word_1_101' title='bbox 1154 765 1241 805; x_wconf 89' lang='lat' dir='ltr'><strong>sunt</strong></span> <span class='ocrx_word' id='word_1_102' title='bbox 1261 765 1303 805; x_wconf 89' lang='lat' dir='ltr'><strong>in</strong></span> <span class='ocrx_word' id='word_1_103' title='bbox 1322 763 1555 804; x_wconf 86' lang='lat' dir='ltr'><strong>Orbitarum</strong></span> <span class='ocrx_word' id='word_1_104' title='bbox 1574 765 1733 806; x_wconf 78' lang='lat' dir='ltr'><strong>centris.</strong></span> <span class='ocrx_word' id='word_1_105' title='bbox 1789 766 1897 808; x_wconf 83' lang='lat' dir='ltr'><strong>Haec</strong></span> 
     </span>
     <span class='ocr_line' id='line_1_13' title="bbox 356 817 1901 882; baseline -0.005 -13"><span class='ocrx_word' id='word_1_106' title='bbox 356 830 491 882; x_wconf 85' lang='lat' dir='ltr'><strong>itaque</strong></span> <span class='ocrx_word' id='word_1_107' title='bbox 521 828 595 869; x_wconf 87' lang='lat' dir='ltr'><strong>Vis</strong></span> <span class='ocrx_word' id='word_1_108' title='bbox 624 839 706 867; x_wconf 89' lang='lat' dir='ltr'><strong>non</strong></span> <span class='ocrx_word' id='word_1_109' title='bbox 734 825 871 877; x_wconf 85' lang='lat' dir='ltr'><strong>inepte</strong></span> <span class='ocrx_word' id='word_1_110' title='bbox 898 822 1032 862; x_wconf 86' lang='lat' dir='ltr'><strong>vocari</strong></span> <span class='ocrx_word' id='word_1_111' title='bbox 1061 819 1213 873; x_wconf 85' lang='lat' dir='ltr'><strong>potest,</strong></span> <span class='ocrx_word' id='word_1_112' title='bbox 1241 817 1420 872; x_wconf 60' lang='lat' dir='ltr'><strong>respectu</strong></span> <span class='ocrx_word' id='word_1_113' title='bbox 1446 817 1611 871; x_wconf 88' lang='lat' dir='ltr'><strong>quidem</strong></span> <span class='ocrx_word' id='word_1_114' title='bbox 1629 820 1808 872; x_wconf 82' lang='lat' dir='ltr'><strong>corporis</strong></span> <span class='ocrx_word' id='word_1_115' title='bbox 1837 835 1901 862; x_wconf 87' lang='lat' dir='ltr'><strong>re-</strong></span> 
     </span>
     <span class='ocr_line' id='line_1_14' title="bbox 359 872 1901 932; baseline -0.005 -8"><span class='ocrx_word' id='word_1_116' title='bbox 359 883 556 923; x_wconf 84' lang='lat' dir='ltr'><strong>volventis</strong></span> <span class='ocrx_word' id='word_1_117' title='bbox 577 910 587 928; x_wconf 91' lang='lat'>,</span> <span class='ocrx_word' id='word_1_118' title='bbox 624 880 883 932; x_wconf 78' lang='lat' dir='ltr'><strong>Centripeta3</strong></span> <span class='ocrx_word' id='word_1_119' title='bbox 923 874 1103 929; x_wconf 61' lang='lat' dir='ltr'><strong>respectu</strong></span> <span class='ocrx_word' id='word_1_120' title='bbox 1132 882 1266 914; x_wconf 87' lang='lat' dir='ltr'><strong>autem</strong></span> <span class='ocrx_word' id='word_1_121' title='bbox 1286 873 1465 927; x_wconf 87' lang='lat' dir='ltr'><strong>corporis</strong></span> <span class='ocrx_word' id='word_1_122' title='bbox 1493 872 1702 920; x_wconf 82' lang='lat' dir='ltr'><strong>centralis,</strong></span> <span class='ocrx_word' id='word_1_123' title='bbox 1738 876 1901 916; x_wconf 79' lang='lat' dir='ltr'><strong>Attrac-</strong></span> 
     </span>
     <span class='ocr_line' id='line_1_15' title="bbox 361 927 1406 990; baseline -0.01 -13"><span class='ocrx_word' id='word_1_124' title='bbox 361 937 463 982; x_wconf 89' lang='lat' dir='ltr'><strong>tiva;</strong></span> <span class='ocrx_word' id='word_1_125' title='bbox 495 950 516 976; x_wconf 86' lang='lat' dir='ltr'><strong>a</strong></span> <span class='ocrx_word' id='word_1_126' title='bbox 535 947 773 990; x_wconf 78' lang='lat' dir='ltr'><strong>quacunque</strong></span> <span class='ocrx_word' id='word_1_127' title='bbox 792 933 960 973; x_wconf 89' lang='lat' dir='ltr'><strong>demum</strong></span> <span class='ocrx_word' id='word_1_128' title='bbox 977 929 1089 971; x_wconf 83' lang='lat' dir='ltr'><strong>causa</strong></span> <span class='ocrx_word' id='word_1_129' title='bbox 1106 929 1201 969; x_wconf 86' lang='lat' dir='ltr'><strong>oriri</strong></span> <span class='ocrx_word' id='word_1_130' title='bbox 1222 927 1406 981; x_wconf 82' lang='lat' dir='ltr'><strong>fingatur.</strong></span> 
     </span>
    </p>

    <p class='ocr_par' dir='ltr' id='par_1_3' title="bbox 359 977 1923 2342">
     <span class='ocr_line' id='line_1_16' title="bbox 415 977 1902 1045; baseline -0.005 -14"><span class='ocrx_word' id='word_1_131' title='bbox 415 991 528 1045; x_wconf 87' lang='lat' dir='ltr'><strong>Quin</strong></span> <span class='ocrx_word' id='word_1_132' title='bbox 556 991 596 1030; x_wconf 86' lang='lat'>&amp;</span> <span class='ocrx_word' id='word_1_133' title='bbox 625 990 711 1030; x_wconf 82' lang='lat' dir='ltr'><strong>haec</strong></span> <span class='ocrx_word' id='word_1_134' title='bbox 740 1000 902 1042; x_wconf 85' lang='lat' dir='ltr'><strong>quoque</strong></span> <span class='ocrx_word' id='word_1_135' title='bbox 922 983 1183 1025; x_wconf 84' lang='lat' dir='ltr'><strong>concedenda</strong></span> <span class='ocrx_word' id='word_1_136' title='bbox 1202 983 1314 1029; x_wconf 90' lang='lat' dir='ltr'><strong>sunt,</strong></span> <span class='ocrx_word' id='word_1_137' title='bbox 1346 982 1386 1021; x_wconf 71' lang='grc' dir='ltr'><strong>δε</strong></span> <span class='ocrx_word' id='word_1_138' title='bbox 1407 979 1698 1023; x_wconf 82' lang='lat' dir='ltr'><strong>Mathematice</strong></span> <span class='ocrx_word' id='word_1_139' title='bbox 1716 977 1902 1024; x_wconf 85' lang='lat' dir='ltr'><strong>demons-</strong></span> 
     </span>
     <span class='ocr_line' id='line_1_17' title="bbox 362 1036 1904 1096; baseline -0.005 -10"><span class='ocrx_word' id='word_1_140' title='bbox 362 1055 542 1087; x_wconf 84' lang='lat' dir='ltr'><strong>trantur:</strong></span> <span class='ocrx_word' id='word_1_141' title='bbox 581 1044 620 1084; x_wconf 87' lang='lat' dir='ltr'><strong>Si</strong></span> <span class='ocrx_word' id='word_1_142' title='bbox 659 1055 830 1096; x_wconf 88' lang='lat' dir='ltr'><strong>corpora</strong></span> <span class='ocrx_word' id='word_1_143' title='bbox 867 1042 978 1094; x_wconf 87' lang='lat' dir='ltr'><strong>plura</strong></span> <span class='ocrx_word' id='word_1_144' title='bbox 1015 1049 1131 1079; x_wconf 79' lang='lat' dir='ltr'><strong>motu</strong></span> <span class='ocrx_word' id='word_1_145' title='bbox 1161 1036 1342 1091; x_wconf 67' lang='lat' dir='ltr'><strong>aequabili</strong></span> <span class='ocrx_word' id='word_1_146' title='bbox 1372 1036 1629 1076; x_wconf 85' lang='lat' dir='ltr'><strong>revolvantur</strong></span> <span class='ocrx_word' id='word_1_147' title='bbox 1663 1037 1704 1078; x_wconf 92' lang='lat' dir='ltr'><strong>in</strong></span> <span class='ocrx_word' id='word_1_148' title='bbox 1731 1037 1904 1079; x_wconf 80' lang='lat' dir='ltr'><strong>Circulis</strong></span> 
     </span>
     <span class='ocr_line' id='line_1_18' title="bbox 361 1089 1903 1150; baseline -0.006 -9"><span class='ocrx_word' id='word_1_149' title='bbox 361 1099 649 1145; x_wconf 79' lang='lat' dir='ltr'><strong>concentricis,</strong></span> <span class='ocrx_word' id='word_1_150' title='bbox 681 1097 722 1137; x_wconf 84' lang='lat'>&amp;</span> <span class='ocrx_word' id='word_1_151' title='bbox 751 1095 942 1150; x_wconf 87' lang='lat' dir='ltr'><strong>quadrata</strong></span> <span class='ocrx_word' id='word_1_152' title='bbox 973 1103 1203 1146; x_wconf 90' lang='lat' dir='ltr'><strong>temporum</strong></span> <span class='ocrx_word' id='word_1_153' title='bbox 1231 1090 1532 1145; x_wconf 87' lang='lat' dir='ltr'><strong>periodicorum</strong></span> <span class='ocrx_word' id='word_1_154' title='bbox 1558 1089 1631 1131; x_wconf 91' lang='lat' dir='ltr'><strong>fint</strong></span> <span class='ocrx_word' id='word_1_155' title='bbox 1658 1100 1702 1131; x_wconf 89' lang='lat' dir='ltr'><strong>ut</strong></span> <span class='ocrx_word' id='word_1_156' title='bbox 1720 1091 1811 1132; x_wconf 88' lang='lat' dir='ltr'><strong>cubi</strong></span> <span class='ocrx_word' id='word_1_157' title='bbox 1841 1092 1903 1132; x_wconf 89' lang='lat' dir='ltr'><strong>di-</strong></span> 
     </span>
     <span class='ocr_line' id='line_1_19' title="bbox 362 1145 1912 1199; baseline -0.005 -5"><span class='ocrx_word' id='word_1_158' title='bbox 362 1154 592 1194; x_wconf 81' lang='lat' dir='ltr'><strong>stantiarum</strong></span> <span class='ocrx_word' id='word_1_159' title='bbox 621 1166 641 1192; x_wconf 83' lang='lat' dir='ltr'><strong>a</strong></span> <span class='ocrx_word' id='word_1_160' title='bbox 671 1160 814 1192; x_wconf 85' lang='lat' dir='ltr'><strong>centro</strong></span> <span class='ocrx_word' id='word_1_161' title='bbox 844 1148 1077 1193; x_wconf 83' lang='lat' dir='ltr'><strong>communi;</strong></span> <span class='ocrx_word' id='word_1_162' title='bbox 1108 1146 1227 1188; x_wconf 83' lang='lat' dir='ltr'><strong>Vires</strong></span> <span class='ocrx_word' id='word_1_163' title='bbox 1252 1145 1494 1199; x_wconf 85' lang='lat' dir='ltr'><strong>centripetas</strong></span> <span class='ocrx_word' id='word_1_164' title='bbox 1519 1145 1812 1186; x_wconf 85' lang='lat' dir='ltr'><strong>revolventium</strong></span> <span class='ocrx_word' id='word_1_165' title='bbox 1841 1146 1912 1193; x_wconf 74' lang='lat' dir='ltr'><strong>fo·-¹</strong></span> 
     </span>
     <span class='ocr_line' id='line_1_20' title="bbox 361 1199 1905 1261; baseline -0.004 -13"><span class='ocrx_word' id='word_1_166' title='bbox 361 1221 404 1248; x_wconf 88' lang='lat' dir='ltr'><strong>re</strong></span> <span class='ocrx_word' id='word_1_167' title='bbox 436 1208 643 1261; x_wconf 82' lang='lat' dir='ltr'><strong>reciproce</strong></span> <span class='ocrx_word' id='word_1_168' title='bbox 673 1216 717 1246; x_wconf 85' lang='lat' dir='ltr'><strong>ut</strong></span> <span class='ocrx_word' id='word_1_169' title='bbox 747 1204 938 1258; x_wconf 86' lang='lat' dir='ltr'><strong>quadrata</strong></span> <span class='ocrx_word' id='word_1_170' title='bbox 964 1201 1246 1247; x_wconf 75' lang='lat' dir='ltr'><strong>distantiarum.</strong></span> <span class='ocrx_word' id='word_1_171' title='bbox 1305 1199 1406 1246; x_wconf 85' lang='lat' dir='ltr'><strong>Vel,</strong></span> <span class='ocrx_word' id='word_1_172' title='bbox 1441 1199 1468 1239; x_wconf 88' lang='lat' dir='ltr'><strong>fi</strong></span> <span class='ocrx_word' id='word_1_173' title='bbox 1497 1211 1668 1252; x_wconf 86' lang='lat' dir='ltr'><strong>corpora</strong></span> <span class='ocrx_word' id='word_1_174' title='bbox 1696 1201 1905 1242; x_wconf 86' lang='lat' dir='ltr'><strong>revolvan-</strong></span> 
     </span>
     <span class='ocr_line' id='line_1_21' title="bbox 364 1253 1904 1313; baseline -0.004 -11"><span class='ocrx_word' id='word_1_175' title='bbox 364 1272 429 1302; x_wconf 85' lang='lat' dir='ltr'><strong>tur</strong></span> <span class='ocrx_word' id='word_1_176' title='bbox 459 1262 498 1302; x_wconf 86' lang='lat' dir='ltr'><strong>in</strong></span> <span class='ocrx_word' id='word_1_177' title='bbox 530 1260 683 1301; x_wconf 85' lang='lat' dir='ltr'><strong>Orbitis</strong></span> <span class='ocrx_word' id='word_1_178' title='bbox 711 1271 802 1313; x_wconf 63' lang='lat' dir='ltr'><strong>quse</strong></span> <span class='ocrx_word' id='word_1_179' title='bbox 831 1259 918 1298; x_wconf 86' lang='lat' dir='ltr'><strong>sunt</strong></span> <span class='ocrx_word' id='word_1_180' title='bbox 948 1255 1120 1297; x_wconf 88' lang='lat' dir='ltr'><strong>Circulis</strong></span> <span class='ocrx_word' id='word_1_181' title='bbox 1146 1253 1349 1300; x_wconf 87' lang='lat' dir='ltr'><strong>finitimae‚</strong></span> <span class='ocrx_word' id='word_1_182' title='bbox 1379 1253 1419 1294; x_wconf 85' lang='lat'>&amp;</span> <span class='ocrx_word' id='word_1_183' title='bbox 1449 1253 1651 1308; x_wconf 82' lang='lat' dir='ltr'><strong>quiescant</strong></span> <span class='ocrx_word' id='word_1_184' title='bbox 1669 1254 1904 1296; x_wconf 88' lang='lat' dir='ltr'><strong>Orbitarum</strong></span> 
     </span>
     <span class='ocr_line' id='line_1_22' title="bbox 361 1307 1906 1370; baseline -0.005 -13"><span class='ocrx_word' id='word_1_185' title='bbox 361 1315 552 1370; x_wconf 81' lang='lat' dir='ltr'><strong>Apfides;</strong></span> <span class='ocrx_word' id='word_1_186' title='bbox 585 1315 702 1356; x_wconf 79' lang='lat' dir='ltr'><strong>Vires</strong></span> <span class='ocrx_word' id='word_1_187' title='bbox 730 1313 973 1365; x_wconf 85' lang='lat' dir='ltr'><strong>centripetas</strong></span> <span class='ocrx_word' id='word_1_188' title='bbox 1001 1309 1297 1351; x_wconf 77' lang='lat' dir='ltr'><strong>revolventium</strong></span> <span class='ocrx_word' id='word_1_189' title='bbox 1324 1307 1412 1348; x_wconf 87' lang='lat' dir='ltr'><strong>fore</strong></span> <span class='ocrx_word' id='word_1_190' title='bbox 1440 1308 1649 1360; x_wconf 86' lang='lat' dir='ltr'><strong>reciproce</strong></span> <span class='ocrx_word' id='word_1_191' title='bbox 1676 1308 1906 1363; x_wconf 76' lang='lat' dir='ltr'><strong>utquad·1=a-</strong></span> 
     </span>
     <span class='ocr_line' id='line_1_23' title="bbox 361 1362 1906 1410; baseline -0.004 0"><span class='ocrx_word' id='word_1_192' title='bbox 361 1380 400 1410; x_wconf 84' lang='lat' dir='ltr'><strong>ta</strong></span> <span class='ocrx_word' id='word_1_193' title='bbox 439 1369 724 1410; x_wconf 77' lang='lat' dir='ltr'><strong>distantiarum.</strong></span> <span class='ocrx_word' id='word_1_194' title='bbox 781 1367 978 1408; x_wconf 88' lang='lat' dir='ltr'><strong>Obtinere</strong></span> <span class='ocrx_word' id='word_1_195' title='bbox 1015 1364 1146 1405; x_wconf 88' lang='lat' dir='ltr'><strong>casum</strong></span> <span class='ocrx_word' id='word_1_196' title='bbox 1184 1365 1420 1404; x_wconf 85' lang='lat' dir='ltr'><strong>alterutrum</strong></span> <span class='ocrx_word' id='word_1_197' title='bbox 1449 1363 1491 1403; x_wconf 92' lang='lat' dir='ltr'><strong>in</strong></span> <span class='ocrx_word' id='word_1_198' title='bbox 1518 1362 1689 1402; x_wconf 86' lang='lat' dir='ltr'><strong>Planetis</strong></span> <span class='ocrx_word' id='word_1_199' title='bbox 1717 1362 1906 1404; x_wconf 70' lang='lat' dir='ltr'><strong>universis</strong></span> 
     </span>
     <span class='ocr_line' id='line_1_24' title="bbox 362 1416 1906 1474; baseline -0.005 -9"><span class='ocrx_word' id='word_1_200' title='bbox 362 1425 616 1465; x_wconf 77' lang='lat' dir='ltr'><strong>consentiunt</strong></span> <span class='ocrx_word' id='word_1_201' title='bbox 645 1421 891 1463; x_wconf 83' lang='lat' dir='ltr'><strong>Astronomi.</strong></span> <span class='ocrx_word' id='word_1_202' title='bbox 951 1420 1089 1474; x_wconf 86' lang='lat' dir='ltr'><strong>Itaque</strong></span> <span class='ocrx_word' id='word_1_203' title='bbox 1118 1417 1238 1460; x_wconf 84' lang='lat' dir='ltr'><strong>Vires</strong></span> <span class='ocrx_word' id='word_1_204' title='bbox 1267 1417 1505 1470; x_wconf 81' lang='lat' dir='ltr'><strong>centripetae</strong></span> <span class='ocrx_word' id='word_1_205' title='bbox 1532 1416 1787 1457; x_wconf 85' lang='lat' dir='ltr'><strong>Planetarum</strong></span> <span class='ocrx_word' id='word_1_206' title='bbox 1817 1430 1906 1458; x_wconf 90' lang='lat' dir='ltr'><strong>om-</strong></span> 
     </span>
     <span class='ocr_line' id='line_1_25' title="bbox 362 1470 1910 1528; baseline -0.005 -9"><span class='ocrx_word' id='word_1_207' title='bbox 362 1480 472 1520; x_wconf 83' lang='lat' dir='ltr'><strong>nium</strong></span> <span class='ocrx_word' id='word_1_208' title='bbox 511 1479 600 1518; x_wconf 88' lang='lat' dir='ltr'><strong>sunt</strong></span> <span class='ocrx_word' id='word_1_209' title='bbox 638 1478 845 1527; x_wconf 84' lang='lat' dir='ltr'><strong>reciproce</strong></span> <span class='ocrx_word' id='word_1_210' title='bbox 875 1485 918 1514; x_wconf 91' lang='lat' dir='ltr'><strong>ut</strong></span> <span class='ocrx_word' id='word_1_211' title='bbox 948 1474 1138 1528; x_wconf 87' lang='lat' dir='ltr'><strong>quadrata</strong></span> <span class='ocrx_word' id='word_1_212' title='bbox 1167 1472 1439 1512; x_wconf 85' lang='lat' dir='ltr'><strong>distantiarum</strong></span> <span class='ocrx_word' id='word_1_213' title='bbox 1466 1471 1515 1510; x_wconf 89' lang='lat' dir='ltr'><strong>ab</strong></span> <span class='ocrx_word' id='word_1_214' title='bbox 1544 1470 1715 1511; x_wconf 85' lang='lat' dir='ltr'><strong>Orbium</strong></span> <span class='ocrx_word' id='word_1_215' title='bbox 1746 1471 1910 1512; x_wconf 49' lang='lat' dir='ltr'><strong>centris„</strong></span> 
     </span>
     <span class='ocr_line' id='line_1_26' title="bbox 360 1524 1904 1585; baseline -0.005 -12"><span class='ocrx_word' id='word_1_216' title='bbox 360 1533 400 1573; x_wconf 86' lang='lat' dir='ltr'><strong>Si</strong></span> <span class='ocrx_word' id='word_1_217' title='bbox 429 1532 516 1585; x_wconf 82' lang='lat' dir='ltr'><strong>quis</strong></span> <span class='ocrx_word' id='word_1_218' title='bbox 545 1531 703 1583; x_wconf 82' lang='lat' dir='ltr'><strong>objiciat</strong></span> <span class='ocrx_word' id='word_1_219' title='bbox 725 1529 978 1569; x_wconf 78' lang='lat' dir='ltr'><strong>planetarum</strong></span> <span class='ocrx_word' id='word_1_220' title='bbox 1010 1528 1050 1565; x_wconf 90' lang='lat'>&amp;</span> <span class='ocrx_word' id='word_1_221' title='bbox 1073 1527 1203 1565; x_wconf 86' lang='lat' dir='ltr'><strong>Lunae</strong></span> <span class='ocrx_word' id='word_1_222' title='bbox 1232 1525 1474 1577; x_wconf 78' lang='lat' dir='ltr'><strong>praesertim,</strong></span> <span class='ocrx_word' id='word_1_223' title='bbox 1502 1524 1670 1576; x_wconf 82' lang='lat' dir='ltr'><strong>Apsides</strong></span> <span class='ocrx_word' id='word_1_224' title='bbox 1690 1537 1773 1565; x_wconf 91' lang='lat' dir='ltr'><strong>non</strong></span> <span class='ocrx_word' id='word_1_225' title='bbox 1792 1526 1904 1578; x_wconf 89' lang='lat' dir='ltr'><strong>peni-</strong></span> 
     </span>
     <span class='ocr_line' id='line_1_27' title="bbox 363 1577 1906 1637; baseline -0.004 -11"><span class='ocrx_word' id='word_1_226' title='bbox 363 1598 424 1626; x_wconf 83' lang='lat' dir='ltr'><strong>tus</strong></span> <span class='ocrx_word' id='word_1_227' title='bbox 453 1585 680 1637; x_wconf 80' lang='lat' dir='ltr'><strong>quiescere3</strong></span> <span class='ocrx_word' id='word_1_228' title='bbox 712 1583 781 1622; x_wconf 87' lang='lat' dir='ltr'><strong>sed</strong></span> <span class='ocrx_word' id='word_1_229' title='bbox 811 1591 926 1620; x_wconf 89' lang='lat' dir='ltr'><strong>motu</strong></span> <span class='ocrx_word' id='word_1_230' title='bbox 956 1579 1133 1631; x_wconf 85' lang='lat' dir='ltr'><strong>quodam</strong></span> <span class='ocrx_word' id='word_1_231' title='bbox 1163 1579 1273 1617; x_wconf 91' lang='lat' dir='ltr'><strong>lento</strong></span> <span class='ocrx_word' id='word_1_232' title='bbox 1302 1578 1398 1617; x_wconf 91' lang='lat' dir='ltr'><strong>ferri</strong></span> <span class='ocrx_word' id='word_1_233' title='bbox 1424 1578 1466 1617; x_wconf 89' lang='lat' dir='ltr'><strong>in</strong></span> <span class='ocrx_word' id='word_1_234' title='bbox 1485 1577 1797 1629; x_wconf 87' lang='lat' dir='ltr'><strong>consequentia:</strong></span> <span class='ocrx_word' id='word_1_235' title='bbox 1827 1579 1906 1620; x_wconf 88' lang='lat' dir='ltr'><strong>res-</strong></span> 
     </span>
     <span class='ocr_line' id='line_1_28' title="bbox 360 1629 1905 1691; baseline -0.005 -12"><span class='ocrx_word' id='word_1_236' title='bbox 360 1638 534 1691; x_wconf 84' lang='lat' dir='ltr'><strong>ponderi</strong></span> <span class='ocrx_word' id='word_1_237' title='bbox 562 1636 715 1689; x_wconf 83' lang='lat' dir='ltr'><strong>potest,</strong></span> <span class='ocrx_word' id='word_1_238' title='bbox 744 1633 893 1673; x_wconf 81' lang='lat' dir='ltr'><strong>etiamsi</strong></span> <span class='ocrx_word' id='word_1_239' title='bbox 919 1630 1188 1671; x_wconf 84' lang='lat' dir='ltr'><strong>concedamus</strong></span> <span class='ocrx_word' id='word_1_240' title='bbox 1219 1629 1325 1668; x_wconf 85' lang='lat' dir='ltr'><strong>hune</strong></span> <span class='ocrx_word' id='word_1_241' title='bbox 1353 1638 1512 1668; x_wconf 90' lang='lat' dir='ltr'><strong>motum</strong></span> <span class='ocrx_word' id='word_1_242' title='bbox 1543 1631 1804 1671; x_wconf 71' lang='lat' dir='ltr'><strong>tar-diffimum</strong></span> <span class='ocrx_word' id='word_1_243' title='bbox 1834 1645 1905 1672; x_wconf 87' lang='lat' dir='ltr'><strong>ex-</strong></span> 
     </span>
     <span class='ocr_line' id='line_1_29' title="bbox 359 1682 1906 1744; baseline -0.005 -11"><span class='ocrx_word' id='word_1_244' title='bbox 359 1693 455 1734; x_wconf 89' lang='lat' dir='ltr'><strong>inde</strong></span> <span class='ocrx_word' id='word_1_245' title='bbox 493 1690 718 1744; x_wconf 66' lang='lat' dir='ltr'><strong>profeelum</strong></span> <span class='ocrx_word' id='word_1_246' title='bbox 759 1686 836 1727; x_wconf 80' lang='lat' dir='ltr'><strong>esse</strong></span> <span class='ocrx_word' id='word_1_247' title='bbox 873 1686 984 1740; x_wconf 89' lang='lat' dir='ltr'><strong>quod</strong></span> <span class='ocrx_word' id='word_1_248' title='bbox 1015 1683 1090 1724; x_wconf 85' lang='lat' dir='ltr'><strong>Vis</strong></span> <span class='ocrx_word' id='word_1_249' title='bbox 1127 1682 1365 1734; x_wconf 74' lang='lat' dir='ltr'><strong>centripetae</strong></span> <span class='ocrx_word' id='word_1_250' title='bbox 1404 1683 1615 1735; x_wconf 83' lang='lat' dir='ltr'><strong>proportio</strong></span> <span class='ocrx_word' id='word_1_251' title='bbox 1655 1683 1811 1725; x_wconf 87' lang='lat' dir='ltr'><strong>aberret</strong></span> <span class='ocrx_word' id='word_1_252' title='bbox 1839 1686 1906 1726; x_wconf 88' lang='lat' dir='ltr'><strong>ali-</strong></span> 
     </span>
     <span class='ocr_line' id='line_1_30' title="bbox 359 1737 1907 1801; baseline -0.005 -14"><span class='ocrx_word' id='word_1_253' title='bbox 359 1756 553 1801; x_wconf 86' lang='lat' dir='ltr'><strong>quantum</strong></span> <span class='ocrx_word' id='word_1_254' title='bbox 591 1757 610 1784; x_wconf 84' lang='lat' dir='ltr'><strong>a</strong></span> <span class='ocrx_word' id='word_1_255' title='bbox 641 1742 842 1796; x_wconf 87' lang='lat' dir='ltr'><strong>duplicata</strong></span> <span class='ocrx_word' id='word_1_256' title='bbox 861 1770 873 1788; x_wconf 92' lang='lat'>‚</span> <span class='ocrx_word' id='word_1_257' title='bbox 919 1738 1211 1780; x_wconf 83' lang='lat' dir='ltr'><strong>aberrationem</strong></span> <span class='ocrx_word' id='word_1_258' title='bbox 1242 1737 1348 1776; x_wconf 89' lang='lat' dir='ltr'><strong>illam</strong></span> <span class='ocrx_word' id='word_1_259' title='bbox 1372 1748 1448 1789; x_wconf 89' lang='lat' dir='ltr'><strong>per</strong></span> <span class='ocrx_word' id='word_1_260' title='bbox 1476 1747 1713 1790; x_wconf 86' lang='lat' dir='ltr'><strong>computum</strong></span> <span class='ocrx_word' id='word_1_261' title='bbox 1744 1738 1907 1780; x_wconf 89' lang='lat' dir='ltr'><strong>Mathe-</strong></span> 
     </span>
     <span class='ocr_line' id='line_1_31' title="bbox 360 1790 1906 1849; baseline -0.004 -8"><span class='ocrx_word' id='word_1_262' title='bbox 360 1801 552 1842; x_wconf 85' lang='lat' dir='ltr'><strong>maticum</strong></span> <span class='ocrx_word' id='word_1_263' title='bbox 590 1797 758 1837; x_wconf 82' lang='lat' dir='ltr'><strong>inveniri</strong></span> <span class='ocrx_word' id='word_1_264' title='bbox 797 1794 904 1849; x_wconf 79' lang='lat' dir='ltr'><strong>poffe</strong></span> <span class='ocrx_word' id='word_1_265' title='bbox 943 1794 985 1834; x_wconf 77' lang='grc' dir='ltr'><strong>δε</strong></span> <span class='ocrx_word' id='word_1_266' title='bbox 1023 1793 1137 1846; x_wconf 90' lang='lat' dir='ltr'><strong>plane</strong></span> <span class='ocrx_word' id='word_1_267' title='bbox 1165 1790 1423 1831; x_wconf 82' lang='lat' dir='ltr'><strong>insensibilem</strong></span> <span class='ocrx_word' id='word_1_268' title='bbox 1453 1790 1541 1837; x_wconf 78' lang='lat' dir='ltr'><strong>effe.</strong></span> <span class='ocrx_word' id='word_1_269' title='bbox 1598 1792 1681 1845; x_wconf 88' lang='lat' dir='ltr'><strong>lpfa</strong></span> <span class='ocrx_word' id='word_1_270' title='bbox 1708 1794 1814 1834; x_wconf 88' lang='lat' dir='ltr'><strong>enim</strong></span> <span class='ocrx_word' id='word_1_271' title='bbox 1845 1808 1906 1835; x_wconf 87' lang='lat' dir='ltr'><strong>ra-</strong></span> 
     </span>
     <span class='ocr_line' id='line_1_32' title="bbox 360 1845 1923 1903; baseline -0.004 -8"><span class='ocrx_word' id='word_1_272' title='bbox 360 1855 422 1895; x_wconf 84' lang='lat' dir='ltr'><strong>tio</strong></span> <span class='ocrx_word' id='word_1_273' title='bbox 451 1853 524 1895; x_wconf 84' lang='lat' dir='ltr'><strong>Vis</strong></span> <span class='ocrx_word' id='word_1_274' title='bbox 553 1852 788 1903; x_wconf 84' lang='lat' dir='ltr'><strong>centripetae</strong></span> <span class='ocrx_word' id='word_1_275' title='bbox 818 1849 1009 1896; x_wconf 83' lang='lat' dir='ltr'><strong>Lunaris,</strong></span> <span class='ocrx_word' id='word_1_276' title='bbox 1037 1859 1128 1901; x_wconf 86' lang='lat' dir='ltr'><strong>quae</strong></span> <span class='ocrx_word' id='word_1_277' title='bbox 1159 1846 1341 1886; x_wconf 86' lang='lat' dir='ltr'><strong>omnium</strong></span> <span class='ocrx_word' id='word_1_278' title='bbox 1371 1845 1546 1886; x_wconf 83' lang='lat' dir='ltr'><strong>maxime</strong></span> <span class='ocrx_word' id='word_1_279' title='bbox 1573 1846 1722 1887; x_wconf 84' lang='lat' dir='ltr'><strong>turbari</strong></span> <span class='ocrx_word' id='word_1_280' title='bbox 1752 1847 1923 1898; x_wconf 87' lang='lat' dir='ltr'><strong>debet,-</strong></span> 
     </span>
     <span class='ocr_line' id='line_1_33' title="bbox 363 1899 1907 1963; baseline -0.004 -14"><span class='ocrx_word' id='word_1_281' title='bbox 363 1909 566 1963; x_wconf 87' lang='lat' dir='ltr'><strong>paululum</strong></span> <span class='ocrx_word' id='word_1_282' title='bbox 595 1906 760 1960; x_wconf 88' lang='lat' dir='ltr'><strong>quidem</strong></span> <span class='ocrx_word' id='word_1_283' title='bbox 787 1904 1028 1958; x_wconf 84' lang='lat' dir='ltr'><strong>duplicatam</strong></span> <span class='ocrx_word' id='word_1_284' title='bbox 1052 1899 1272 1954; x_wconf 80' lang='lat' dir='ltr'><strong>superabit;</strong></span> <span class='ocrx_word' id='word_1_285' title='bbox 1305 1899 1353 1939; x_wconf 87' lang='lat' dir='ltr'><strong>ad</strong></span> <span class='ocrx_word' id='word_1_286' title='bbox 1385 1899 1486 1940; x_wconf 84' lang='lat' dir='ltr'><strong>hanc</strong></span> <span class='ocrx_word' id='word_1_287' title='bbox 1505 1913 1602 1940; x_wconf 87' lang='lat' dir='ltr'><strong>vero</strong></span> <span class='ocrx_word' id='word_1_288' title='bbox 1620 1901 1822 1955; x_wconf 83' lang='lat' dir='ltr'><strong>sexaginta</strong></span> <span class='ocrx_word' id='word_1_289' title='bbox 1848 1903 1907 1943; x_wconf 87' lang='lat' dir='ltr'><strong>fe-</strong></span> 
     </span>
     <span class='ocr_line' id='line_1_34' title="bbox 368 1953 1906 2013; baseline -0.003 -10"><span class='ocrx_word' id='word_1_290' title='bbox 368 1976 412 2004; x_wconf 90' lang='lat' dir='ltr'><strong>re</strong></span> <span class='ocrx_word' id='word_1_291' title='bbox 450 1962 600 2002; x_wconf 84' lang='lat' dir='ltr'><strong>vicibus</strong></span> <span class='ocrx_word' id='word_1_292' title='bbox 638 1959 799 2013; x_wconf 87' lang='lat' dir='ltr'><strong>propius</strong></span> <span class='ocrx_word' id='word_1_293' title='bbox 828 1958 997 2007; x_wconf 79' lang='lat' dir='ltr'><strong>accedet</strong></span> <span class='ocrx_word' id='word_1_294' title='bbox 1023 1968 1142 2010; x_wconf 86' lang='lat' dir='ltr'><strong>quam</strong></span> <span class='ocrx_word' id='word_1_295' title='bbox 1171 1955 1221 1995; x_wconf 82' lang='lat' dir='ltr'><strong>ad</strong></span> <span class='ocrx_word' id='word_1_296' title='bbox 1253 1953 1502 2007; x_wconf 85' lang='lat' dir='ltr'><strong>triplicatam.</strong></span> <span class='ocrx_word' id='word_1_297' title='bbox 1557 1954 1638 1995; x_wconf 83' lang='lat' dir='ltr'><strong>Sed</strong></span> <span class='ocrx_word' id='word_1_298' title='bbox 1666 1956 1798 1997; x_wconf 88' lang='lat' dir='ltr'><strong>verior</strong></span> <span class='ocrx_word' id='word_1_299' title='bbox 1831 1958 1906 1998; x_wconf 90' lang='lat' dir='ltr'><strong>erit</strong></span> 
     </span>
     <span class='ocr_line' id='line_1_35' title="bbox 366 2007 1906 2069; baseline -0.004 -11"><span class='ocrx_word' id='word_1_300' title='bbox 366 2016 587 2069; x_wconf 71' lang='lat' dir='ltr'><strong>responfio,</strong></span> <span class='ocrx_word' id='word_1_301' title='bbox 618 2014 644 2055; x_wconf 89' lang='lat' dir='ltr'><strong>fi</strong></span> <span class='ocrx_word' id='word_1_302' title='bbox 674 2015 851 2054; x_wconf 84' lang='lat' dir='ltr'><strong>dicamus</strong></span> <span class='ocrx_word' id='word_1_303' title='bbox 881 2013 981 2052; x_wconf 88' lang='lat' dir='ltr'><strong>hanc</strong></span> <span class='ocrx_word' id='word_1_304' title='bbox 1011 2009 1207 2064; x_wconf 88' lang='lat' dir='ltr'><strong>Apfidum</strong></span> <span class='ocrx_word' id='word_1_305' title='bbox 1235 2007 1574 2062; x_wconf 86' lang='lat' dir='ltr'><strong>progressionem‚</strong></span> <span class='ocrx_word' id='word_1_306' title='bbox 1600 2022 1684 2050; x_wconf 90' lang='lat' dir='ltr'><strong>non</strong></span> <span class='ocrx_word' id='word_1_307' title='bbox 1712 2024 1766 2051; x_wconf 84' lang='lat' dir='ltr'><strong>ex</strong></span> <span class='ocrx_word' id='word_1_308' title='bbox 1794 2011 1906 2052; x_wconf 79' lang='lat' dir='ltr'><strong>aber-</strong></span> 
     </span>
     <span class='ocr_line' id='line_1_36' title="bbox 367 2062 1907 2122; baseline -0.003 -11"><span class='ocrx_word' id='word_1_309' title='bbox 367 2071 520 2111; x_wconf 83' lang='lat' dir='ltr'><strong>ratione</strong></span> <span class='ocrx_word' id='word_1_310' title='bbox 549 2084 570 2110; x_wconf 84' lang='lat' dir='ltr'><strong>a</strong></span> <span class='ocrx_word' id='word_1_311' title='bbox 599 2069 798 2122; x_wconf 78' lang='lat' dir='ltr'><strong>duplicata</strong></span> <span class='ocrx_word' id='word_1_312' title='bbox 827 2067 1088 2120; x_wconf 86' lang='lat' dir='ltr'><strong>proportione</strong></span> <span class='ocrx_word' id='word_1_313' title='bbox 1108 2094 1118 2112; x_wconf 91' lang='lat'>‚</span> <span class='ocrx_word' id='word_1_314' title='bbox 1153 2064 1220 2104; x_wconf 88' lang='lat' dir='ltr'><strong>sed</strong></span> <span class='ocrx_word' id='word_1_315' title='bbox 1252 2076 1302 2103; x_wconf 85' lang='lat' dir='ltr'><strong>ex</strong></span> <span class='ocrx_word' id='word_1_316' title='bbox 1330 2062 1401 2102; x_wconf 84' lang='lat' dir='ltr'><strong>alia</strong></span> <span class='ocrx_word' id='word_1_317' title='bbox 1430 2064 1586 2117; x_wconf 81' lang='lat' dir='ltr'><strong>prorsus</strong></span> <span class='ocrx_word' id='word_1_318' title='bbox 1616 2064 1766 2105; x_wconf 79' lang='lat' dir='ltr'><strong>diversa</strong></span> <span class='ocrx_word' id='word_1_319' title='bbox 1794 2066 1907 2106; x_wconf 80' lang='lat' dir='ltr'><strong>causa</strong></span> 
     </span>
     <span class='ocr_line' id='line_1_37' title="bbox 365 2115 1904 2177; baseline -0.003 -11"><span class='ocrx_word' id='word_1_320' title='bbox 365 2125 490 2172; x_wconf 82' lang='lat' dir='ltr'><strong>oriri,</strong></span> <span class='ocrx_word' id='word_1_321' title='bbox 536 2122 879 2177; x_wconf 86' lang='lat' dir='ltr'><strong>quemadmodum</strong></span> <span class='ocrx_word' id='word_1_322' title='bbox 909 2120 1070 2174; x_wconf 80' lang='lat' dir='ltr'><strong>egregie</strong></span> <span class='ocrx_word' id='word_1_323' title='bbox 1100 2115 1434 2159; x_wconf 86' lang='lat' dir='ltr'><strong>commonstratur</strong></span> <span class='ocrx_word' id='word_1_324' title='bbox 1463 2118 1504 2157; x_wconf 90' lang='lat' dir='ltr'><strong>in</strong></span> <span class='ocrx_word' id='word_1_325' title='bbox 1535 2118 1607 2158; x_wconf 89' lang='lat' dir='ltr'><strong>hac</strong></span> <span class='ocrx_word' id='word_1_326' title='bbox 1639 2117 1904 2172; x_wconf 85' lang='lat' dir='ltr'><strong>Philosophia.</strong></span> 
     </span>
     <span class='ocr_line' id='line_1_38' title="bbox 363 2170 1905 2232; baseline -0.005 -12"><span class='ocrx_word' id='word_1_327' title='bbox 363 2179 501 2221; x_wconf 87' lang='lat' dir='ltr'><strong>Restat</strong></span> <span class='ocrx_word' id='word_1_328' title='bbox 530 2192 628 2232; x_wconf 84' lang='lat' dir='ltr'><strong>ergo</strong></span> <span class='ocrx_word' id='word_1_329' title='bbox 656 2187 698 2218; x_wconf 87' lang='lat' dir='ltr'><strong>ut</strong></span> <span class='ocrx_word' id='word_1_330' title='bbox 730 2177 846 2218; x_wconf 82' lang='lat' dir='ltr'><strong>Vites</strong></span> <span class='ocrx_word' id='word_1_331' title='bbox 876 2176 1110 2228; x_wconf 63' lang='lat' dir='ltr'><strong>centripetae</strong></span> <span class='ocrx_word' id='word_1_332' title='bbox 1130 2200 1141 2219; x_wconf 85' lang='lat'>‚</span> <span class='ocrx_word' id='word_1_333' title='bbox 1170 2172 1313 2226; x_wconf 87' lang='lat' dir='ltr'><strong>quibus</strong></span> <span class='ocrx_word' id='word_1_334' title='bbox 1343 2170 1517 2212; x_wconf 80' lang='lat' dir='ltr'><strong>Planetae</strong></span> <span class='ocrx_word' id='word_1_335' title='bbox 1537 2171 1712 2225; x_wconf 86' lang='lat' dir='ltr'><strong>primarii</strong></span> <span class='ocrx_word' id='word_1_336' title='bbox 1733 2173 1905 2214; x_wconf 86' lang='lat' dir='ltr'><strong>tendunt</strong></span> 
     </span>
     <span class='ocr_line' id='line_1_39' title="bbox 366 2226 1905 2281; baseline -0.004 -7"><span class='ocrx_word' id='word_1_337' title='bbox 366 2234 498 2275; x_wconf 83' lang='lat' dir='ltr'><strong>versus</strong></span> <span class='ocrx_word' id='word_1_338' title='bbox 528 2234 662 2274; x_wconf 88' lang='lat' dir='ltr'><strong>Solem</strong></span> <span class='ocrx_word' id='word_1_339' title='bbox 694 2232 734 2272; x_wconf 73' lang='grc' dir='ltr'><strong>δε</strong></span> <span class='ocrx_word' id='word_1_340' title='bbox 761 2230 981 2272; x_wconf 80' lang='lat' dir='ltr'><strong>secundarii</strong></span> <span class='ocrx_word' id='word_1_341' title='bbox 1011 2229 1142 2269; x_wconf 89' lang='lat' dir='ltr'><strong>versus</strong></span> <span class='ocrx_word' id='word_1_342' title='bbox 1170 2226 1377 2281; x_wconf 80' lang='lat' dir='ltr'><strong>primarios</strong></span> <span class='ocrx_word' id='word_1_343' title='bbox 1406 2226 1519 2275; x_wconf 87' lang='lat' dir='ltr'><strong>suos,</strong></span> <span class='ocrx_word' id='word_1_344' title='bbox 1546 2226 1620 2268; x_wconf 89' lang='lat' dir='ltr'><strong>fint</strong></span> <span class='ocrx_word' id='word_1_345' title='bbox 1648 2237 1832 2270; x_wconf 79' lang='lat' dir='ltr'><strong>accurate</strong></span> <span class='ocrx_word' id='word_1_346' title='bbox 1860 2238 1905 2269; x_wconf 88' lang='lat' dir='ltr'><strong>ut</strong></span> 
     </span>
     <span class='ocr_line' id='line_1_40' title="bbox 369 2286 1087 2342; baseline -0.007 -12"><span class='ocrx_word' id='word_1_347' title='bbox 369 2288 558 2342; x_wconf 87' lang='lat' dir='ltr'><strong>quadrata</strong></span> <span class='ocrx_word' id='word_1_348' title='bbox 578 2287 849 2329; x_wconf 82' lang='lat' dir='ltr'><strong>distantiarum</strong></span> <span class='ocrx_word' id='word_1_349' title='bbox 869 2286 1087 2339; x_wconf 86' lang='lat' dir='ltr'><strong>reciproce.</strong></span> 
     </span>
    </p>
   </div>
   <div class='ocr_carea' id='block_1_3' title="bbox 1840 2387 1906 2432">
    <p class='ocr_par' dir='ltr' id='par_1_4' title="bbox 1840 2387 1906 2432">
     <span class='ocr_line' id='line_1_41' title="bbox 1840 2387 1906 2432; baseline 0.045 -3"><span class='ocrx_word' id='word_1_350' title='bbox 1840 2387 1906 2432; x_wconf 85' lang='lat' dir='ltr'><strong>Ex</strong></span> 
     </span>
    </p>
   </div>
  </div>
 </body>
</html>
