2079 3033
424 200 498 248 376
725 190 1217 235 PH‘rLOSOPHIAE
1265 190 1677 235 NATURALIS

218 291 265 322 DE
284 278 527 331 -tvtuw‘mJovis
559 280 599 316 in
624 275 758 316 Solem
786 283 828 314 ut
856 276 904 323 65
933 273 984 315 ad
1015 273 1168 325 124986
1188 273 1253 313 seu
1275 286 1290 311 1
1313 271 1363 317 ad
1388 287 1497 324 1923.
1553 271 1822 318 Huioautem
1839 274 1954 318 diffe.

215 332 406 366 symm-rt,
423 331 601 373 ferentiae
620 327 926 382 proportionalis
951 326 1004 367 est
1024 328 1191 367 maxima
1213 327 1369 367 Saturni
1390 324 1568 367 efficacia
1584 326 1632 366 ad
1644 324 1955 379 perturbandum

426 396 581 427 motum
603 383 736 435 jovis,
764 382 804 421 &
824 391 1034 435 propterea
1052 381 1299 434 perturbatio
1319 381 1423 421 orbis
1435 380 1595 433 jovialis
1614 382 1732 434 longe
1750 382 1880 424 minor
1895 383 1957 426 est

427 451 546 492 quam
571 450 616 476 ea
644 435 827 477 Saturnii.
882 436 1152 489 Reliquorum
1180 435 1336 477 orbium
1364 435 1684 487 perturbationes
1709 435 1797 476 sunt
1816 437 1956 478 adhuc

424 495 546 545 'longe
573 490 768 537 minores,
796 499 1063 543 praeterquam
1091 489 1203 543 quod
1228 488 1348 529 Orbis
1376 488 1519 530 Terrae
1552 488 1783 530 sensibiliter
1797 500 1959 545 pertur-

426 546 541 586 batur
567 559 588 585 a
616 544 744 585 Luna.
805 543 1037 583 Commune
1056 553 1239 583 centrum
1262 542 1461 595 gravitatis
1482 542 1627 584 Terrae
1647 543 1688 583 δε
1709 543 1840 584 Lunae
1855 572 1867 591 ,
1891 542 1959 584 El-

427 600 539 653 lipsm
565 599 719 639 circum
745 597 878 638 Solem
904 597 945 637 in
969 596 1162 637 umbilico
1187 596 1358 649 pofitum
1385 597 1602 650 percurrit,
1632 598 1673 637 &
1690 597 1803 637 radio
1820 598 1870 637 ad
1888 597 1960 638 So-

426 653 647 694 lemducio
665 665 773 692 areas
790 651 990 692 ineadem
1010 651 1255 704 temporibus
1275 651 1593 704 proportionales
1611 651 1817 697 describit,
1834 650 1966 693 Terra

425 720 523 755 vero
545 707 697 749 circum
709 707 794 749 ‚hoc
811 714 995 746 centrum
1014 717 1229 748 commune
1250 713 1365 748 motu
1384 704 1585 746 menstruo
1601 705 1837 747 revolvitur.

624 805 1039 855 ‹PROPOSITIO
1067 805 1182 847 XIV.
1212 803 1308 845 ΤΗ
1320 804 1611 845 EOREMA
1639 805 1753 848 XIV„

737 889 930 938 Orbi-um
953 886 1152 954 Aphelia
1172 885 1236 936 ⁷&
1256 886 1379 934 Nodi
1405 886 1643 953 quiescunt.

480 1010 649 1064 Aphelia
690 1007 898 1062 quiescunt
919 1036 930 1053 ‚
963 1018 1036 1059 per
1072 1005 1193 1059 Prop.
1217 1016 1285 1044 xx.
1314 1002 1408 1043 Lib.
1429 1004 1460 1044 -I.
1490 1014 1533 1044 ut
1555 1006 1604 1046 δε
1630 1006 1804 1048 Orbium
1829 1007 1963 1060 plana,

424 1079 496 1120 per
522 1063 695 1116 ejusdem
726 1061 841 1102 Libri
869 1060 988 1112 Prop.
1020 1074 1052 1098 1.
1084 1058 1125 1099 δε
1151 1057 1445 1113 'quiescentibus
1471 1060 1591 1111 planis
1608 1061 1816 1114 quiescunt
1835 1061 1959 1104 Nodi,

418 1121 621 1159 ‘Attamen
658 1131 678 1157 a
713 1116 966 1156 Planetarum
995 1113 1286 1154 revolventium
1317 1112 1358 1152 <Sc
1384 1112 1646 1154 Cometarum
1673 1115 1891 1155 aetionibus
1920 1116 1963 1155 in

424 1173 464 1213 se
491 1172 664 1212 invicem
694 1171 874 1211 orientur
909 1167 1194 1221 inaequalitates
1222 1166 1395 1224 aliquaeq,
1428 1165 1495 1206 sed
1524 1180 1614 1222 quae
1644 1169 1697 1208 ob
1722 1170 1962 1224 parvitatem

423 1226 489 1272 hic
507 1225 712 1266 contemni
728 1222 899 1283 poffimt.
996 1225 1000 1227 ’
1530 1222 1537 1226 “

481 1331 605 1372 Corol.
632 1345 669 1370 ⁷1.
699 1329 921 1384 Quiescunt
948 1329 1068 1369 etiarn
1098 1328 1228 1369 Stellae
1256 1328 1367 1375 fixae,
1395 1336 1604 1381 propterea
1631 1326 1744 1381 quod
1775 1327 1883 1368 datas
1911 1327 1962 1369 ad

428 1385 601 1437 Aphelia
624 1384 842 1438 Nodosque
861 1383 1076 1436 positiones
1096 1381 1263 1423 servant.

483 1438 605 1478 Corol.
636 1452 673 1477 2.
701 1437 880 1490 Ideoque
906 1449 997 1477 cum
1026 1436 1130 1476 nulla
1148 1436 1194 1476 sit
1212 1449 1347 1477 earum
1366 1435 1567 1492 parallaxis
1586 1434 1768 1476 sensibilis
1788 1449 1837 1475 ex
1856 1434 1963 1475 Ter-

427 1505 482 1532 rae
503 1501 615 1532 motu
635 1504 768 1531 annuo
788 1490 976 1534 oriunda,
997 1489 1098 1530 vires
1117 1503 1253 1531 earum
1272 1491 1324 1531 ob
1341 1490 1574 1531 immensam
1592 1502 1809 1542 corporum
1821 1488 1965 1530 distan-

428 1545 525 1585 tiam
564 1545 692 1586 nullos
728 1544 850 1585 edent
886 1543 1080 1584 sensibiles
1119 1543 1285 1589 effecius
1316 1546 1357 1584 in
1385 1543 1549 1596 regione
1576 1543 1800 1599 Systematis
1824 1543 1959 1584 nostri.

431 1598 629 1651 Quinimo
656 1598 764 1639 Fixae
785 1600 826 1638 in
856 1598 952 1638 coeli
964 1607 1098 1652 ⁴partes
1117 1599 1322 1651 aequaliter
1341 1597 1521 1649 dispersae
1539 1598 1747 1638 contrariis
1762 1597 1964 1639 attrafflo-

420 1653 541 1700 ,nibus
561 1652 661 1693 vires
680 1662 835 1698 mutuas
858 1651 1087 1696 destruunt,
1108 1663 1185 1703 per
1205 1651 1326 1703 Prop.
1344 1663 1437 1690 Lxx.
1454 1648 1547 1690 Lib.
1565 1649 1591 1688 I.

1078 1728 1314 1778 Scholium.

482 1828 590 1868 Cum
618 1827 795 1867 Planetae
822 1825 904 1865 Soli
932 1824 1137 1876 propiores
1158 1824 1321 1875 (nempe
1341 1821 1591 1869 Mercurius,
1613 1823 1781 1870 Venus,
1807 1823 1962 1872 Terra,

431 1883 472 1923 δε
500 1881 629 1931 Mars)
657 1880 710 1920 ob
737 1891 953 1931 corporum
979 1877 1213 1930 parvitatem
1238 1888 1381 1928 ,parurn
1408 1886 1524 1928 agant
1552 1876 1593 1915 in
1609 1876 1649 1916 se
1667 1876 1860 1917 invicem:
1890 1878 1963 1919 ho-

429 1949 520 1976 rum
549 1934 717 1987 Aphelia
750 1933 791 1972 δε
817 1931 928 1972 Nodi
954 1931 1179 1984 quiescent„
1207 1929 1278 1969 nifi
1303 1938 1497 1982 quatenus
1523 1942 1544 1969 a
1564 1929 1711 1970 viribus
1733 1931 1866 1983 jovis,
1894 1931 1963 1971 Sa-

430 1989 557 2035 turni,
587 1989 628 2028 δε
645 1998 861 2039 corporum
881 1985 1127 2038 superiorum
1148 1982 1369 2024 turbentur.
1405 1983 1458 2022 Et
1480 1983 1575 2024 inde
1594 1984 1729 2037 colligi
1745 1984 1874 2037 potest
1891 1997 1962 2038 per

431 2043 627 2084 theoriam
657 2040 856 2093 gravitatis
868 2067 879 2084 ,
906 2038 1019 2092 quod
1036 2039 1180 2078 horum
1200 2036 1369 2090 Aphelia
1385 2047 1600 2078 moventur
1617 2037 1900 2091 aliquantulum
1919 2039 1961 2079 in

433 2095 718 2148 consequentia
747 2091 931 2146 *respefftu
959 2092 1126 2132 fixarum
1147 2119 1158 2137 ,
1193 2090 1316 2143 idque
1341 2090 1382 2129 in
1409 2090 1670 2143 proportione
1695 2091 1963 2145 sesquiplicata

433 2149 701 2189 distantiarum
727 2147 872 2187 horum
900 2146 1153 2187 Planetarum
1178 2157 1197 2183 a
1223 2144 1326 2184 Sole.
1385 2143 1441 2183 Ut
1468 2143 1496 2184 fi
1525 2144 1741 2197 Aphelium
1760 2145 1903 2186 Martis
1921 2146 1964 2186 in

436 2203 545 2242 annis
569 2212 732 2243 centum
752 2199 943 2240 ..conficiat
975 2200 1033 2251 35‘
1049 2200 1089 2239 in
1108 2197 1391 2251 consequentia
1414 2198 1591 2251 respe&u
1610 2198 1798 2246 fixarum3
1829 2200 1967 2251 Aphe-

434 2257 483 2296 lia
501 2254 665 2301 Terrae,
693 2253 732 2294 V
736 2254 884 2299 eneris,
905 2253 944 2292 &
965 2253 1159 2294 Mercurii
1178 2252 1220 2292 in
1240 2251 1347 2291 annis
1365 2261 1530 2292 centum
1548 2253 1763 2293 conficient
1786 2252 1863 2300 18‘‚
1886 2252 1969 2300 36⁹,

444 2310 511 2349 11'.
532 2309 623 2357 27¹¹,
654 2309 693 2348 δε
716 2308 759 2358 4‘.
789 2307 860 2358 29‘'
888 2306 1114 2357 respefflve.
1170 2306 1222 2346 Et
1242 2305 1457 2353 inmotus,
1486 2306 1539 2347 ob
1566 2307 1820 2360 parvitatem,
1844 2306 1968 2358 negli-

445 2373 591 2417 guntur
610 2365 649 2404 in
668 2364 740 2403 bac
761 2361 1050 2414 propositione.
1803 2413 1837 2454 P
1856 2412 1897 2455 R
1916 2412 1955 2455 O
