2079 3033
307 163 358 184 „
412 168 464 217 420
601 203 610 206 ,
698 147 1199 206 PHILOSOPHIAE
1257 159 1663 204 NATURAms

214 253 262 281 DE
283 253 380 280 Moru
466 249 597 291 Porro
623 248 886 304 praecedentis
916 247 1195 301 propositionis
1225 247 1266 286 &
1297 248 1601 289 coronariorum
1629 247 1710 300 ejus
1737 247 1949 297 beneficio,

200 291 614 358 GORPOE‘UMcolligitur
643 304 762 344 etiam
789 302 1000 355 proportio
1032 303 1088 342 vis
1112 302 1349 355 centripetae
1379 302 1427 342 ad
1459 302 1540 342 vim
1559 303 1776 356 quamlibet
1791 314 1949 352 notam,

401 360 533 412 qualis
564 358 621 398 est
649 371 692 397 ea
722 355 950 396 Gravitatis.
1009 357 1112 396 Nam
1139 356 1167 396 fi
1186 368 1330 409 corpus
1358 356 1399 396 in
1431 357 1583 397 circulo
1612 355 1756 396 Terrae
1775 370 1948 409 concen-

401 424 513 454 trico
533 413 572 453 vi
591 411 790 463 gravitatis
811 410 888 451 suae
909 412 1135 451 revolvatur
1155 440 1166 456 ‚
1195 410 1468 470 haecgravitas
1496 411 1551 451 est
1576 410 1694 464 ipsius
1719 411 1778 451 vis
1806 412 1951 453 centri·
2015 452 2019 453 ⁷

408 473 512 522 peta.
571 466 699 505 Datur
719 475 872 512 autem,
902 464 1160 505 exdescensu
1190 477 1368 517 gravium
1388 494 1398 511 ‚
1437 465 1663 518 &tempus
1692 464 1951 514 revolutionis

412 523 526 562 unius
545 550 556 567 ‚
595 519 636 559 Sc
665 533 778 560 arcus
808 520 903 559 dato
932 519 1075 572 quovis
1106 530 1289 572 tempore
1319 518 1558 571 descriptus,
1587 532 1658 572 per
1678 519 1792 565 huius
1811 518 1952 559 Corol.

404 588 464 616 ix.
525 574 577 614 Et
597 573 825 625 hujusmodi
843 572 1177 626 propositionibus
1195 573 1421 627 Hugem'us,
1450 574 1490 613 in
1520 575 1672 613 eximio
1698 574 1768 613 suo
1787 572 1953 613 Tracta-

380 631 458 668 ‘tu
478 629 523 668 de
556 628 759 682 Horologio
789 628 1038 679 Oscillatorio
1055 656 1066 674 ,
1094 628 1174 669 virn
1203 627 1403 681 gravi-tatis
1428 640 1522 668 cum
1540 628 1832 668 revolventium
1860 627 1953 676 viri-

412 683 483 724 bus
504 682 737 735 centrifugis
757 682 942 723 contulit.

469 736 743 778 Demonstrat-i
766 736 887 775 etiarn
900 734 1063 788 possunt
1083 736 1351 789 pree-cedentia
1379 736 1420 776 in
1439 735 1546 777 hunc
1565 736 1745 783 modum.
1801 735 1844 777 In
1876 736 1952 775 cir-

407 792 506 832 culo
527 791 675 846 quovis
705 790 873 830 describi
910 791 1151 843 intelligatur
1190 791 1442 844 Polygonum
1481 791 1648 831 laterum
1678 799 1952 844 quotcunque.

413 846 468 889 Et
487 844 678 898 fi'corpus
699 874 708 891 ‚
736 848 774 884 in
803 845 993 897 polygoni
1023 844 1208 885 lateribus
1237 846 1328 884 data
1356 857 1450 884 curn
1478 845 1689 885 velocitate
1716 844 1953 891 movendo„

414 900 464 940 ad
495 901 576 952 ejus
606 900 769 952 angulos
800 898 970 951 fingulos
1008 913 1028 938 a
1058 899 1210 939 circulo
1240 897 1491 946 reflet‘iatun
1520 899 1577 938 vis
1605 912 1682 952 qua
1710 898 1865 951 singulis
1893 910 1954 937 re-

404 953 652 994 flexionibus
679 954 864 1006 impingit
891 953 932 992 in
970 953 1165 993 circulum
1204 954 1279 994 erit
1315 963 1359 994 ut
1399 952 1481 1004 ejus
1509 953 1697 993 velocitas
1728 966 1736 992 :
1768 952 1952 1005 adeoque

405 1008 563 1049 sumina
591 1008 736 1048 virium
758 1008 803 1047 -in
833 1007 929 1046 dato
959 1017 1143 1061 tempore
1173 1009 1248 1048 erit
1287 1017 1331 1047 ut
1361 1006 1550 1047 velocitas
1588 1008 1651 1047 illa
1688 1006 1727 1060 δέ
1766 1018 1954 1046 numerus

409 1061 681 1103 reflexionum
710 1061 985 1113 conjunctim:
1017 1062 1095 1102 hoc
1123 1061 1179 1102 est
1209 1061 1262 1109 (fi
1289 1063 1536 1115 polygonum
1574 1061 1694 1101 detur
1720 1061 1879 1114 specie)
1903 1069 1954 1100 :uzt

412 1116 627 1168 longitudo
653 1116 754 1156 dato
783 1116 852 1156 illo
880 1125 1064 1170 ternpore
1095 1116 1289 1169 descripta
1310 1116 1582 1168 &longitudo
1600 1115 1740 1154 eadem
1762 1114 1956 1168 applicata

413 1170 464 1210 ad
483 1170 661 1210 Radium
690 1170 862 1216 circuli;
901 1170 944 1210 id
974 1169 1029 1210 est
1047 1199 1058 1217 ,
1095 1181 1139 1210 ut
1167 1170 1404 1224 quadratum
1432 1170 1694 1222 longitudinis
1714 1169 1813 1208 illius
1832 1169 1956 1222 appli-

410 1234 548 1264 catum
571 1224 621 1264 ad
641 1223 848 1265 Radium:
878 1224 1085 1278 adeoque,
1113 1225 1140 1264 st
1167 1224 1414 1277 polygonum
1442 1223 1628 1263 lateribus
1654 1223 1808 1264 infinite
1837 1222 1956 1263 dimi-

410 1278 521 1317 ·nutis
549 1278 751 1318 coincidat
771 1291 864 1319 curn
882 1278 1053 1325 circulo,
1082 1289 1125 1319 ut
1148 1279 1387 1331 quadratum
1413 1289 1525 1317 arcus
1552 1277 1647 1317 dato
1673 1287 1858 1330 ternpore
1885 1277 1957 1318 de-

410 1331 553 1384 scripti
571 1332 811 1384 applicatum
840 1332 888 1371 ad
904 1333 1075 1372 radium.
1136 1331 1242 1372 Haec
1263 1332 1319 1372 est
1339 1332 1396 1372 vis
1424 1330 1649 1384 centrifuga
1669 1360 1680 1378 ,
1715 1343 1792 1384 qua
1810 1343 1955 1384 corpus

420 1395 536 1437 urget
564 1385 787 1425 circulum:
828 1384 867 1425 ἃ
897 1385 990 1425 huic
1020 1386 1180 1439 aequalis
1212 1385 1267 1424 est
1297 1386 1353 1426 vis
1383 1385 1582 1426 contraria
1608 1414 1620 1433 ,
1677 1398 1754 1439 qua
1782 1385 1954 1427 circulus

412 1442 617 1481 continuo
636 1439 791 1492 repellit
814 1452 961 1493 corpus
980 1451 1165 1480 centrum
1186 1439 1327 1480 versus,

681 1545 1096 1587 PROPOSITIO
1135 1545 1214 1589 IV.
1253 1545 1636 1588 PROBLEMA
1671 1545 1699 1588 Ι.

419 1656 552 1706 Data
580 1653 908 1720 quibuscunque
932 1652 978 1700 iu
1000 1652 1099 1700 locis
1121 1652 1350 1700 velocitate
1381 1691 1392 1711 ‚
1445 1671 1536 1717 qua
1572 1668 1725 1720 corpus
1746 1655 1953 1720 figuram

488 1723 646 1771 datam
679 1721 847 1770 viribus
886 1722 952 1769 acl
980 1739 1202 1769 commuue
1241 1720 1428 1787 aliquod
1456 1736 1655 1777 centrum
1681 1723 1955 1773 tendentibus

490 1790 724 1858 describit,
763 1804 962 1840 centrum
986 1790 1104 1839 illud
1120 1790 1337 1840 iuvenire.

478 1915 667 1970 Figuram
694 1914 929 1966 descriptam
959 1923 1120 1968 tangant
1150 1914 1267 1954 reffiiae
1311 1922 1390 1954 tres
1419 1911 1532 1961 PT,
1565 1911 1722 1969 TQV,
1760 1916 1855 1956 VR
1875 1950 1884 1964 ,
1912 1917 1955 1959 in
2013 1962 2016 1966 .

421 1974 578 2025 punctis
609 1969 782 2009 totidem
812 1970 874 2016 P,
903 1969 966 2025 Q,
994 1970 1054 2016 R,
1081 1979 1367 2009 concurrentes
1387 1970 1427 2009 in
1447 1967 1485 2008 T
1505 1969 1544 2007 δε
1565 1968 1611 2007 V.
1659 1970 1726 2009 Ad
1746 1979 1954 2024 tangentes

426 2027 629 2078 erigantur
657 2023 941 2077 perpendicula
963 2023 1004 2063 P
1025 2024 1084 2068 A,
1116 2022 1234 2079 QB,
1265 2023 1303 2062 R
1324 2023 1376 2069 C,
1408 2022 1681 2063 velocitatibus
1702 2026 1883 2077 corporis
1912 2027 1954 2068 in

426 2078 580 2131 punffiiis
602 2078 672 2118 illis
692 2077 756 2124 P,
785 2076 850 2134 Q,
876 2078 937 2125 R,
965 2091 986 2116 a
1003 2077 1145 2130 quibus
1163 2077 1370 2130 eriguntur
1390 2077 1595 2130 reciproce
1618 2079 1951 2130 proportionalia3

426 2133 467 2172 id
490 2134 566 2180 est,
598 2132 651 2171 ita
680 2142 724 2172 ut
744 2132 789 2173 fit
810 2134 904 2172 PA
929 2131 979 2172 ad
1008 2131 1120 2187 QB,
1149 2143 1194 2172 ut
1211 2132 1400 2172 velocitas
1428 2130 1467 2170 in
1497 2129 1550 2186 Q
1563 2130 1612 2169 ad
1642 2133 1893 2173 velocitatem
1911 2135 1953 2176 in

428 2187 490 2232 P,
520 2187 561 2225 &
602 2185 699 2243 QB
726 2187 774 2226 ad
803 2187 843 2227 R
865 2187 894 2228 C
921 2197 964 2226 ut
991 2186 1179 2226 velocitas
1207 2186 1246 2226 in
1278 2187 1313 2223 R
1338 2185 1385 2224 ad
1417 2186 1672 2225 velocitatem
1699 2187 1738 2225 in
1767 2186 1819 2245 Q
1875 2189 1953 2231 Per

423 2240 808 2292 perpendiculorum
831 2241 1023 2282 terminos
1043 2241 1103 2285 A,
1118 2240 1216 2283 BC
1236 2240 1284 2279 ad
1305 2240 1467 2291 angulos
1486 2239 1613 2278 reeios
1633 2240 1952 2294 ducmmrAD,

423 2294 599 2341 DEE,
628 2294 711 2334 EC
735 2306 1021 2336 concurrentes
1040 2294 1081 2336 in
1099 2294 1149 2334 ‘D
1176 2295 1215 2336 &
1239 2294 1307 2335 E:
1338 2294 1392 2335 Et
1419 2292 1513 2335 21&ae
1535 2293 1639 2343 TD,
1668 2295 1756 2337 VE
1785 2311 1955 2342 concur-

427 2358 519 2393 ·ztent
535 2348 577 2390 in
592 2358 735 2391 centro
753 2349 918 2404 quaesito
939 2349 976 2391 S.
1299 2347 1308 2357 ²
1918 2373 1924 2379 =

1857 2463 1960 2509 Nam
2012 2511 2016 2512 ⁷
