2079 3033
640 134 1233 184 'PRAEFAT'IQ

222 231 287 275 Ex
315 232 362 274 fis
391 241 482 285 quae
508 204 695 269 fiaaenus
724 221 828 264 dieta
856 220 968 267 sunt,
1003 218 1155 260 constat
1188 216 1371 257 planetas
1398 210 1439 255 in
1468 213 1623 255 Orbius
1651 214 1727 256 suis

169 288 337 331 retineri
368 298 436 338 per
467 283 562 324 Vim
590 280 764 332 aliquam
792 277 832 317 in
861 274 966 328 ipsos
986 284 1185 327 perpetuo
1205 280 1421 324 agentem:
1452 268 1606 309 constat
1625 268 1727 310 Vim-

165 344 272 384 illam
303 340 421 392 dirigi
453 337 607 388 semper
635 332 769 373 versus
797 329 1034 371 Orbitarum
1061 338 1226 368 centra:
1257 324 1408 366 constat
1435 322 1550 376 hujus
1580 321 1723 364 effica-

167 399 269 439 eiam
299 391 435 447 augeri
463 391 505 431 in
535 387 690 429 accessu
719 385 770 426 ad
800 394 1011 427 centrum,
1039 380 1208 422 diminui
1237 380 1279 421 in
1308 376 1459 419 recessu
1481 377 1530 418 ab
1550 377 1717 418 eodem:

168 453 210 493 δε
240 450 375 503 augeri
405 444 572 499 quidem
598 445 640 483 in
668 441 811 482 eadem
831 436 1096 493 proportione
1116 448 1194 489 qua
1212 432 1449 474 diminuitur
1479 431 1721 486 quadratum

165 505 379 549 distantiae,
406 499 577 541 diminui
606 498 648 538 in
678 495 820 537 eadem
851 491 1116 547 proportione
1146 498 1225 543 qua
1254 487 1448 528 distantiae
1477 486 1718 540 quadratum

167 569 345 613 augetur.
404 554 629 597 Videamus
654 550 757 602 jam,
794 546 1096 602 comparatione
1125 543 1303 584 instituta
1331 541 1436 582 inter
1464 540 1719 584 planetarum

163 613 280 656 Vires
310 610 552 661 centripetas
581 608 622 647 &
652 606 751 646 Vim
781 603 1022 647 Gravitatis,
1052 612 1184 641 annon
1215 596 1393 650 ejusdem
1421 595 1528 636 forte
1552 596 1624 636 fint
1646 608 1717 648 ge-

163 668 281 710 neris.
337 664 528 717 Ejusdem
550 674 648 702 vero
666 659 822 714 generis
843 666 960 698 erunt
971 686 992 704 ‚⁴
1010 654 1039 695 si
1056 651 1412 708 deprehendantur
1438 650 1530 690 hinc
1561 650 1602 690 δε
1621 650 1718 691 inde

139 724 270 777 -leges
290 719 446 763 eaedem
467 717 706 770 eaedemque
733 711 977 753 affefflones.
1033 709 1173 749 Primo
1191 707 1327 759 itaque
1347 704 1502 752 Lunae‚
1532 715 1623 757 quae
1643 717 1725 755 nos

160 777 218 818 bis
238 776 424 831 proxima*
441 772 515 819 est,
545 772 626 812 vim
649 769 915 822 centripetam
935 763 1226 819 expendamus.

215 830 347 885 Spatia
376 827 598 875 restilinea,
626 832 717 880 qssuae
746 837 767 863 a
795 820 1032 873 corporibus
1061 831 1083 858 e
1113 816 1251 872 quiete
1279 813 1455 855 demiffis
1484 812 1582 852 dato
1611 823 1715 855 tem„

160 898 260 941 pore
287 885 358 926 sub
387 883 471 937 ipso
501 891 636 922 motus
664 879 780 920 initio
810 874 1111 920 deseribuntur,
1147 871 1215 911 ubi
1243 883 1265 910 a
1294 868 1442 909 viribus
1472 867 1714 920 quibuscun-

159 954 239 994 que
267 949 495 994 urgentur,
516 933 831 988 proportionalia
859 931 947 971 sunt
979 928 1069 981 ipsis
1099 926 1277 967 viribus:
1311 922 1410 964 Hoc
1442 923 1584 975 utique
1613 935 1713 963 con-

157 995 336 1049 sequitur
374 1007 426 1034 ex
463 989 681 1032 ratiociniis
718 984 1032 1028 Mathematicis‚
1096 980 1186 1022 Erit
1223 978 1346 1031 igitur
1384 976 1458 1019 Vis
1487 976 1711 1029 centripeta

158 1048 290 1101 Lunae
318 1049 359 1089 in
390 1046 534 1088 Orbita
563 1044 628 1085 sua
657 1040 898 1084 revolventis
917 1068 928 1086 ‚
973 1038 1023 1078 ad
1053 1036 1152 1077 Vim
1182 1032 1400 1074 Gravitatis
1430 1031 1471 1072 in
1501 1030 1710 1084 superficie

159 1102 305 1145 Terrae
324 1133 335 1150 ‚
371 1113 415 1143 ut
445 1100 616 1154 spatium
646 1096 759 1151 quod
789 1105 974 1147 tempore
1003 1103 1123 1146 quam
1153 1087 1323 1129 minimo
1351 1085 1594 1126 describeret
1624 1085 1709 1126 Lu-

156 1171 206 1199 na
234 1155 522 1199 descendendo
552 1166 623 1207 per
649 1152 686 1193 V
694 1153 757 1192 im⁴
780 1148 1046 1201 centripetam
1077 1143 1207 1187 versus
1236 1141 1433 1187 Terram,
1469 1139 1497 1180 fi
1526 1137 1721 1181 circulari>

158 1213 269 1253 omni
306 1221 422 1253 motu
450 1208 597 1264 privari
623 1207 846 1260 fingeretur
866 1230 878 1250 ,
925 1202 974 1242 ad
1004 1200 1171 1255 spatium
1202 1195 1314 1250 quod
1345 1195 1493 1236 eodem
1524 1204 1710 1248 tempore

151 1276 278 1322 ‘quam
299 1266 468 1308 minimo
491 1262 677 1304 describit
698 1272 817 1313 grave
835 1270 982 1311 corpus
999 1257 1039 1296 in
1060 1253 1205 1295 vicinia
1223 1251 1390 1296 Terrae,
1421 1248 1601 1299 pei-Vim
1619 1262 1714 1300 gra«

158 1322 289 1363 vitatis
309 1322 385 1362 suae
407 1318 605 1360 cadendo,
654 1315 821 1356 Horum
842 1312 1060 1366 spatiorum
1079 1308 1188 1362 prius
1210 1305 1361 1358 aequale
1380 1304 1435 1344 est
1451 1315 1563 1344 arcus
1583 1316 1603 1342 a
1623 1303 1708 1344 Lu-

156 1389 206 1417 na
233 1389 304 1430 per
329 1376 440 1416 idem
461 1384 619 1425 tempus
639 1369 828 1422 descripti
850 1366 948 1408 linui
967 1365 1099 1411 verso,
1128 1358 1368 1416 quipperqui
1389 1358 1520 1399 Lunae
1544 1356 1706 1397 transsa-

155 1432 310 1472 tionem
337 1430 389 1471 de
418 1428 660 1480 Tangente‚
689 1423 832 1465 saetam
851 1436 871 1462 a
893 1420 948 1463 Vi
965 1419 1211 1470 centi-ipeta,
1238 1414 1426 1459 metitum
1455 1422 1578 1466 atque
1602 1412 1704 1452 adeo
1716 1431 1721 1439 -<

156 1485 381 1537 computari
419 1482 548 1537 potest
585 1494 636 1521 ex
665 1479 765 1519 datis
795 1488 881 1517 tum
912 1475 1046 1514 Lunae
1072 1482 1258 1522 tempore
1287 1468 1498 1520 periodieo
1527 1476 1613 1506 tum
1643 1466 1704 1507 di-

155 1540 292 1580 stantia
321 1539 403 1589 ejus
432 1551 453 1576 a
480 1546 623 1575 centro
650 1532 807 1571 Terrae.
867 1528 1047 1580 Spatium
1072 1524 1265 1577 posterius
1291 1520 1492 1560 invenitur
1519 1532 1589 1572 per
1619 1519 1713 1560 Ex-·

154 1593 375 1646 perimenta
407 1589 682 1630 Pendulorum
702 1613 713 1629 ‚
761 1579 1107 1633 quemadmodum
1145 1574 1286 1614 docuit
1317 1574 1533 1627 Hugenins.
1599 1572 1703 1614 Inito

154 1648 291 1700 itaque
320 1644 503 1688 calculo,
540 1638 708 1692 spatium
738 1635 846 1688 prius
875 1633 922 1672 ad
954 1632 1122 1684 spatium
1152 1626 1345 1681 posterius
1365 1655 1376 1672 ,
1424 1626 1490 1666 seu
1520 1627 1578 1666 vis
1607 1641 1703 1669 cen-

153 1701 298 1755 tripeta
329 1697 460 1738 Lunae
498 1695 539 1735 in
575 1691 718 1732 Orbita
754 1690 818 1728 sua
856 1685 1098 1728 revolventis
1134 1682 1185 1723 ad
1214 1682 1294 1722 vim
1324 1679 1544 1728 Gravitatis
1573 1682 1614 1721 in
1642 1681 1702 1723 ΓΠ.

153 1755 317 1810 perficie
349 1751 512 1796 Terrae,
541 1747 616 1788 erit
645 1755 689 1786 ut
718 1742 958 1799 quadratum
989 1736 1272 1780 semidiametri
1301 1735 1445 1776 Terrae
1465 1735 1514 1775 ad
1545 1735 1718 1777 Orbitae

152 1807 438 1851 semidiametri
476 1802 728 1857 quadratum.
786 1796 969 1838 Eandem
1005 1794 1125 1835 habet
1154 1790 1360 1832 'rationem
1382 1820 1393 1837 ‚
1440 1802 1509 1842 per
1539 1804 1583 1830 ea
1612 1804 1704 1845 quae

154 1863 331 1919 superius
366 1859 631 1902 ostenduntur
652 1885 662 1903 ‚
709 1853 765 1894 vis
802 1851 1025 1904 centripeta
1063 1849 1193 1889 Lunae
1230 1846 1272 1886 in
1300 1843 1446 1885 Orbita
1473 1844 1538 1885 sua
1567 1846 1699 1886 revol-

154 1919 282 1960 ventis
321 1917 370 1958 ad
400 1915 482 1956 vim
511 1913 642 1953 Lunae
671 1907 937 1961 centripetam
973 1916 1100 1958 prope
1130 1902 1274 1942 Terrae
1303 1898 1564 1952 superficiem.
1627 1900 1699 1942 Vis

328 1970 550 2023 centripeta
587 1978 713 2019 prope
742 1962 887 2003 Terrae
923 1958 1175 2013 superficiem
1212 1955 1370 2009 aequalis
1400 1952 1456 1994 est
1485 1954 1524 1995 vi
1552 1953 1714 1995 Gravi--

153 1985 205 2015 ita
239 1987 289 2015 ue

210 1987 233 2028 q
311 2027 408 2067 Non
437 2036 534 2077 ergo
563 2019 728 2061 diversae
745 2017 831 2058 sunt
856 2016 983 2060 vires,
1011 2013 1078 2054 sed
1098 2025 1173 2051 una
1193 2020 1313 2062 atque
1334 2007 1503 2049 eadem:
1544 2009 1570 2049 fi
1589 2010 1711 2050 enim-1

154 2038 255 2069 tatis.

154 2082 318 2133 diversae
348 2079 468 2121 essent
489 2108 500 2126 ‚
544 2088 715 2128 corpora
745 2071 892 2112 viribus
921 2066 1140 2120 conjunaefris
1169 2065 1294 2118 duplo
1323 2062 1490 2103 celerius
1520 2064 1560 2103 in
1589 2062 1696 2105 Ter-

153 2151 239 2178 ram
278 2136 469 2176 caderent
508 2143 629 2185 quam
666 2142 719 2169 ex·
754 2127 792 2166 vi
831 2125 908 2165 sola
945 2120 1176 2163 Gravitatis.
1233 2117 1399 2159 Constat
1435 2116 1557 2170 igitur
1593 2117 1692 2160 Vim

154 2192 257 2232 illam
288 2190 550 2241 centripetam
572 2215 582 2233 ‚
627 2197 704 2238 qua
734 2182 851 2222 Luna
880 2181 1078 2233 perpetu'o
1108 2175 1159 2215 de
1188 2172 1404 2226 Tangente
1433 2174 1494 2212 vel
1525 2172 1710 2214 trahitur*

155 2247 219 2285 vel
257 2245 471 2296 impellitur
510 2241 550 2280 δε
587 2239 628 2279 in
655 2237 798 2278 Orbita
835 2234 1029 2274 retinetur
1050 2265 1059 2278 ‚
1103 2229 1225 2283 ipsam
1256 2227 1333 2267 effe
1363 2227 1444 2266 vim
1474 2227 1707 2267 Gravitatis--

157 2299 347 2339 terrestris
375 2297 423 2338 ad
456 2297 613 2337 Lunam
644 2292 766 2345 usque
789 2291 1098 2344 pertingentem.
1156 2283 1210 2323 Et
1229 2282 1375 2322 rationi
1401 2281 1565 2335 quidem
1596 2295 1696 2322 con-

155 2353 386 2395 sentaneum
424 2351 478 2393 est
515 2360 559 2392 ut
596 2348 648 2389 ad
673 2348 854 2400 ingentes
882 2342 1080 2385 distantias
1108 2337 1276 2383 illasese
1305 2336 1454 2380 virtus
1472 2336 1662 2378 extendat
1682 2362 1711 2383 ,κ

1603 2402 1712 2431 ΕΙᾹΠΣΔ
