2079 3033
454 171 801 246 PRINHIPIA
830 181 1386 263 MATHEMATmA.
1623 214 1699 253 μς

1714 276 1740 306 L
1751 286 1760 306 ι
1771 286 1786 306 Β
1799 284 1813 305 ε
1829 286 1850 306 ι

1709 315 1883 353 ὃεςυικιουερ

637 354 1017 400 LEMMA
1090 352 1219 402 V11.

149 469 201 521 Si
224 489 348 539 aqua
374 472 569 539 quiescat
590 468 638 518 in
662 469 812 518 canali
836 510 849 532 ,
898 468 958 521 ἔθ’
982 481 1166 536 corpora
1198 468 1246 519 in
1261 467 1418 538 partes
1443 468 1691 518 contrarias

216 542 381 608 aequali
402 540 631 590 velocitate
643 553 732 605 per
753 539 955 590 canalem
967 540 1218 606 ferantur:
1257 538 1449 606 aequczles
1468 551 1600 588 erunt
1619 557 1691 607 eo·¹
1743 569 1745 572 -

214 630 319 659 rum·
335 627 385 658 re
402 609 582 673 astentiae
609 608 728 657 inter
739 613 807 669 fi0.

196 705 363 747 Constat
382 717 434 745 ex
452 703 664 745 Lemmate
685 702 911 758 superiore,
939 715 1029 745 nam
1049 713 1185 746 motus
1204 704 1357 746 reiativi
1378 703 1503 747 iidem
1523 705 1627 750 inter
1645 707 1685 749 se

139 770 311 801 manent.

824 865 1028 907 scholium.

184 953 340 996 Eadem
360 955 416 996 est
432 955 534 996 ratio
562 965 780 1010 corporum
805 953 986 994 omnium
1012 964 1293 1000 convexerum
1316 955 1358 996 δε
1383 955 1680 1010 rotundorum,

130 1022 306 1062 quorum
332 1024 424 1051 axes
457 1023 550 1050 cum
579 1016 653 1050 axe
693 1008 834 1049 canalis
873 1006 1120 1049 coincidunt.
1179 1007 1420 1055 Differentia
1457 1014 1584 1068 aliqua
1623 1029 1676 1059 ex

129 1063 280 1116 majore
301 1065 365 1104 vel
390 1065 547 1105 minore
573 1063 758 1104 frictione
776 1061 882 1103 ‘oriri
906 1061 1066 1117 potestz
1106 1063 1175 1104 sed
1201 1064 1243 1104 in
1265 1064 1323 1105 his
1343 1065 1567 1111 Lemmatis
1583 1083 1678 1112 cor-

126 1128 225 1170 pora
254 1116 585 1176 effespolitiffima
610 1117 898 1171 supponimus,
932 1118 972 1157 ἃ
1003 1115 1136 1157 Medii
1164 1119 1422 1163 tenacitatem
1452 1122 1493 1162 δε
1524 1120 1675 1166 friffio-

119 1183 220 1215 nem
237 1170 320 1212 effe
335 1172 482 1213 nullam
503 1205 511 1219 ‚
550 1172 593 1211 δε
621 1171 733 1225 quod
759 1180 892 1225 partes
910 1170 1057 1218 fluidi,
1094 1184 1184 1226 quae
1210 1174 1387 1216 motibus
1406 1176 1481 1217 suis
1500 1178 1674 1234 obliquis

117 1224 169 1269 A&
190 1225 398 1277 superfluis
427 1225 587 1267 fluxum
614 1239 727 1280 aquae
753 1238 825 1280 per
855 1226 1032 1266 canalem
1061 1227 1297 1282 perturbare
1314 1257 1325 1276 ‚
1362 1230 1559 1283 impedire
1579 1263 1591 1281 ‚
1627 1235 1671 1275 &

124 1280 327 1319 retardare
345 1279 502 1333 poffunt
526 1308 537 1326 ,
575 1280 780 1334 quiescant
809 1280 914 1320 inter
949 1280 988 1320 se
1010 1289 1201 1333 tanquam
1220 1283 1314 1335 gelu
1340 1285 1562 1326 constriciae
1585 1316 1598 1335 ‚
1626 1288 1671 1330 δε

124 1333 361 1386 corporibus
380 1334 431 1374 ad
447 1334 622 1387 ipsorum
642 1339 773 1387 partes
791 1334 938 1374 anticas
957 1334 998 1373 δε
1017 1334 1185 1387 posticas
1213 1337 1442 1379 adhaereant
1458 1369 1470 1387 ‚
1498 1341 1667 1393 perinde

121 1396 167 1428 ut
202 1387 244 1428 in
269 1387 432 1428 Scholio
459 1388 749 1441 Propositionis
776 1387 1044 1441 praecedentis
1070 1391 1272 1442 exposui:
1306 1393 1457 1445 Agitur
1486 1395 1593 1436 enim
1623 1397 1667 1440 in

119 1441 374 1496 sequentibus
404 1442 456 1482 de
491 1440 921 1483 relistentia'omnium
958 1441 1122 1481 minima
1157 1457 1277 1497 quam
1314 1458 1485 1497 corpora
1524 1457 1667 1492 rotun-

122 1495 202 1542 da,
239 1496 340 1537 datis
378 1496 559 1538 maximis
595 1495 833 1537 sectionibus
871 1494 1092 1536 transversis
1121 1496 1349 1552 descripta,
1387 1499 1536 1541 habere
1572 1504 1664 1557 pos.

121 1549 221 1590 sunt.

168 1604 354 1658 Corpora
372 1605 507 1647 fluidis
523 1605 759 1651 innatantia,
787 1603 854 1644 ubi
871 1610 1086 1644 moventur
1105 1605 1146 1645 in
1164 1605 1358 1648 directum
1371 1637 1382 1656 ,
1412 1608 1597 1653 efficiunt
1614 1620 1663 1654 ut·

114 1658 287 1699 fluidum
306 1660 356 1700 ad
376 1670 526 1712 partem
551 1658 721 1698 anticam
739 1657 924 1696 ascendat
942 1684 954 1702 ‚
982 1656 1033 1696 ad
1049 1657 1244 1709 posticam
1263 1660 1434 1702 subfidat
1450 1692 1461 1710 ‚
1491 1666 1655 1717 praeser-

113 1713 186 1753 tim
208 1712 233 1753 fi
253 1713 378 1765 figura
392 1712 465 1754 {int
483 1711 646 1762 obtusa3
675 1711 717 1751 Sc
737 1710 832 1751 inde
850 1709 1107 1751 resistentiam
1125 1713 1457 1767 paulo-majorem
1477 1718 1668 1762 sentiunt-

111 1779 230 1821 quam
266 1766 293 1807 fi
318 1768 448 1821 capite
479 1768 520 1808 δε
546 1766 671 1808 cauda
700 1764 773 1819 sint
801 1765 947 1806 acutis—q
994 1764 1049 1805 Et
1078 1778 1249 1821 corpora
1267 1768 1308 1809 in
1328 1768 1462 1811 fluidis
1483 1773 1652 1816 elasticis

110 1831 221 1862 mota
240 1850 252 1868 ,
284 1820 313 1861 fi
340 1832 431 1863 ante
455 1822 497 1862 &
514 1821 602 1875 post
629 1820 768 1861 obtusa
793 1819 866 1860 fint
883 1849 907 1875 ⁵⁷
928 1818 1100 1860 fluidum
1124 1823 1244 1875 paulo
1264 1824 1386 1877 magis
1404 1826 1651 1870 condensant

108 1875 160 1915 ad
199 1875 371 1916 anticam
397 1885 551 1930 partem
583 1876 624 1916 δε
652 1875 771 1929 paulo
797 1874 920 1928 magis
943 1873 1121 1916 relaxant-
1147 1876 1198 1917 ad
1225 1877 1417 1930 posticam
1440 1899 1451 1929 3
1474 1881 1534 1921 A&
1551 1882 1650 1925 inde

107 1928 363 1978 resistentiam
380 1931 497 1983 paulo
516 1930 705 1983 majorem
726 1928 900 1970 sentiunt
920 1940 1044 1982 quam¹
1061 1929 1088 1969 fi
1107 1931 1236 1984 capite
1256 1932 1298 1972 &a
1316 1934 1448 1975 cauda:
1460 1934 1534 1976 fint
1553 1951 1647 1978 acu-

107 1983 168 2023 tis.
225 1982 306 2023 Sed
326 1996 399 2024 nos
415 1985 457 2024 in
474 1984 534 2025 his
554 1984 776 2025 Lemmatis
793 1983 835 2023 δε
853 1982 1195 2035 propositionibus
1213 1999 1296 2028 non
1315 1990 1467 2041 agimus
1486 1990 1538 2030 de
1555 1989 1648 2031 flui-
1704 1989 1706 1991 ’

107 2036 168 2077 dis
186 2036 352 2078 elasticis
374 2067 387 2084 ‚
427 2038 496 2079 sed
514 2039 565 2079 de
583 2051 664 2080 non
685 2037 848 2080 elasticis
870 2054 881 2082 3
917 2048 1001 2077 non
1037 2037 1089 2079 de
1115 2039 1375 2083 insidentibus
1397 2042 1549 2092 fluido,
1576 2045 1644 2087 sed

107 2089 160 2131 de
178 2091 255 2131 alte
275 2091 476 2132 immerfis.
532 2092 586 2134 Et
602 2093 672 2134 ubi
691 2091 905 2133 resistentia
929 2103 1148 2145 corporum
1167 2095 1208 2136 in
1226 2094 1361 2137 fluidis
1378 2110 1460 2138 non
1480 2098 1645 2140 elasticis

72 2200 75 2202 ¹
106 2144 320 2186 innotescit
340 2175 352 2194 ,
384 2146 564 2199 augenda
581 2148 656 2188 erit
683 2147 771 2188 haec
796 2145 1017 2187 resistentia·
1037 2148 1325 2203 aliquantulum
1348 2161 1429 2193 tam
1447 2153 1487 2194 in
1507 2152 1642 2195 fluidis

106 2199 270 2240 clasticis
296 2229 307 2246 ,
346 2201 469 2254 qualis
487 2201 545 2244 est
563 2202 647 2243 Aer
664 2232 676 2250 ‚
710 2214 830 2257 quam
849 2201 891 2242 in
908 2199 1189 2255 superficiebus
1216 2205 1439 2249 fluidorum
1459 2208 1638 2263 stagnan-

105 2254 204 2296 tium
216 2285 227 2303 ,
255 2255 384 2310 qualia
403 2255 491 2297 sunt
510 2256 633 2305 maria
651 2258 692 2298 δε
710 2256 885 2312 paludes.

782 2461 852 2503 Rr
883 2478 907 2504 ’.ι
1486 2463 1636 2506 PRO-
