2079 3033
369 178 478 245 aaa
635 182 1126 233 PHILOSOPHIAE
1162 181 1577 228 NATURALIS

176 299 222 330 nr.
243 296 356 328 Mum
375 277 624 320 evanescunt.
691 273 818 314 Aeris·
845 271 888 313 δε
913 270 1215 312 ascendentium
1246 282 1439 324 vaporum
1468 278 1645 310 tremore
1670 268 1714 310 fit
1742 279 1784 312 ut
1810 274 1909 317 radii

176 335 361 375 §istruna
378 333 492 375 facile
517 332 568 372 de
597 327 761 380 angusto
791 325 950 380 pupillae
978 326 1107 380 spatio
1129 338 1201 378 per
1230 325 1336 365 vices
1365 324 1713 378 detorqueantur,
1750 324 1800 364 de
1829 330 1915 370 lati-

381 402 454 429 ore
498 394 629 425 autem
677 382 776 422 vitri
810 380 996 433 objeetivi
1032 390 1215 434 apertura
1252 379 1496 433 neutiquam.
1565 377 1665 423 Inde
1712 377 1768 418 est
1805 378 1915 432 qnod

381 439 605 489 scintillatio
642 436 684 476 in
725 435 848 490 priori
886 435 974 476 casu
1004 443 1219 488 generetur
1238 461 1249 479 ‚
1292 433 1335 473 in
1364 432 1582 485 posteriore
1610 440 1743 472 autem
1771 432 1916 476 ceffet:

381 496 423 536 δε
453 492 613 534 cessatio
641 490 683 530 in
711 489 931 543 posteriore
958 488 1048 529 casu
1075 486 1320 528 demonstrat
1349 488 1571 540 regularem
1590 486 1920 529 transmiffionem

379 549 477 590 lucis
513 559 584 600 per
622 547 750 585 coelos
790 543 936 597 absque
973 543 1085 583 omni
1119 540 1357 582 refrafflone
1393 540 1569 581 sensibili.
1634 539 1788 594 Nequis
1823 554 1923 582 con-

380 601 521 643 tendat
549 599 661 654 quod
689 598 828 640 caudae
856 610 937 637 non
967 597 1115 637 soleant
1141 594 1274 635 videriv
1299 595 1340 634 in
1362 593 1546 636 Cometis
1576 606 1667 635 curn
1695 607 1837 636 eorum
1855 596 1924 637 lux

380 668 463 698 non
490 654 546 696 est
575 653 661 693 satis
689 652 825 699 fortis,
855 651 948 705 quia
974 661 1071 692 tunc
1100 648 1198 690 radii
1225 648 1444 688 secunda-rii
1472 660 1553 688 non
1586 647 1732 689 habent
1750 649 1838 690 satis
1868 650 1924 691 vi-

381 711 485 752 rium
514 708 565 748 ad
592 707 733 748 oculos
750 705 994 749 movendos,
1025 704 1066 744 δε
1086 713 1299 756 propterea
1321 701 1465 742 caudas
1484 701 1670 742 Fixarum
1689 715 1771 752 non
1791 705 1923 746 cerni:

380 762 588 806 sciendum
618 761 675 801 est
699 760 811 814 quod
840 761 908 800 lux
937 758 1123 799 Fixarutn
1152 757 1239 809 plus
1268 764 1434 795 cen-tum
1460 754 1611 796 vicibus
1630 757 1767 810 augeri
1794 757 1924 811 potest
1953 767 1956 770 ’

383 815 652 860 mediantibus
680 813 956 866 Teleseopiis‚
1001 825 1077 852 nec
1114 820 1247 851 tamen
1287 808 1425 849 caud-ae
1455 819 1688 850 cernuntur.
1744 811 1924 853 Planeta-

383 885 473 913 rum
501 881 666 924 quoque
693 869 762 909 lux
791 866 991 920 copiofior
1018 865 1093 912 est,
1121 863 1260 904 caudae
1280 875 1378 903 vero
1397 863 1541 903 nullae:
1580 862 1769 904 Cometae
1789 874 1925 907 autem
1960 900 1963 901 ⁷

382 927 486 980 faepe
512 922 775 965 caudatiffimi
804 922 914 966 sunt,
942 919 1009 959 ubi
1038 918 1213 971 capitum
1243 917 1312 956 lux
1339 916 1467 956 tenuis
1485 915 1601 957 est&
1618 917 1735 958 valde
1763 917 1939 960 obtusa:-

386 979 438 1022 fic
464 978 572 1020 enim
603 977 775 1019 Cometa
801 973 912 1014 Anni
944 972 1064 1019 1680,
1092 970 1235 1011 Mense
1263 970 1501 1017 Decembri,
1538 983 1621 1023 qno
1651 980 1836 1024 tempore
1863 986 1928 1014 ca-

385 1043 458 1088 put
497 1034 585 1073 luce
623 1030 687 1070 sua
724 1030 793 1069 vix
821 1026 999 1081 aequabat
1031 1026 1153 1067 stellas
1181 1024 1366 1065 secundae
1394 1024 1710 1077 magnitudinis,
1756 1026 1925 1069 caudam

388 1085 599 1129 emittebat
635 1082 843 1136 splendore
879 1080 1045 1121 notabili
1079 1080 1201 1133 usque
1239 1078 1288 1119 ad
1328 1078 1471 1131 gradus
1501 1092 1577 1129 40,
1608 1093 1678 1128 50,
1717 1084 1767 1120 60
1797 1082 1926 1135 longi.

386 1140 536 1181 tudinis
574 1139 613 1179 δι
651 1138 780 1178 ultra:
818 1134 953 1189 postea
983 1134 1079 1186 Jan.
1110 1147 1165 1184 27·
1192 1133 1234 1174 δε
1264 1132 1316 1173 28
1355 1142 1474 1186 caput
1503 1133 1715 1185 apparebat
1744 1143 1789 1174 ut
1817 1134 1925 1177 stella

385 1194 567 1247 septimae
603 1201 759 1233 tantum
793 1188 1079 1243 magnitudinis
1096 1217 1108 1236 ,
1157 1187 1283 1229 cauda
1311 1199 1409 1227 vero
1437 1187 1527 1228 luce
1549 1186 1714 1241 quidem
1741 1191 1926 1241 pertenui

351 1257 354 1260 ’
386 1247 454 1289 sed
484 1247 574 1287 satis
603 1244 773 1287 sensibili·
796 1245 914 1297 longa
940 1252 1024 1285 erat
1052 1246 1076 1282 6
1107 1242 1176 1283 vel·
1201 1255 1223 1292 7
1248 1240 1417 1294 gradus,
1447 1241 1488 1280 &
1517 1241 1607 1281 luce
1634 1241 1926 1293 obscuriffima,

385 1315 477 1357 quae
504 1301 615 1341 cerni
643 1300 711 1340 vix
740 1297 889 1352 posset,
918 1296 1194 1350 porrigebatur
1218 1296 1268 1336 ad
1297 1294 1465 1348 gradum
1492 1294 1616 1344 usque
1634 1295 1925 1339 duodecimum

385 1357 450 1398 vel
489 1355 606 1409 paulo
643 1354 772 1394 ultr-a:
809 1361 853 1393 ut
889 1352 1002 1404 supra
1039 1349 1190 1391 dietum
1228 1348 1294 1390 est.
1352 1349 1432 1389 Sed
1462 1348 1505 1389 δε
1532 1348 1624 1389 Feb.
1653 1364 1676 1401 9
1709 1350 1749 1389 δε
1784 1363 1832 1390 10
1859 1352 1928 1394 ubi

389 1419 508 1463 caput
544 1407 660 1448 nudis
699 1406 823 1447 oculis
861 1405 989 1446 videri
1019 1404 1186 1445 desierat
1206 1430 1219 1451 ‚
1265 1402 1432 1443 caudam
1460 1404 1605 1456 gradus
1635 1403 1737 1444 duos
1767 1406 1926 1458 longa-‘m

388 1474 460 1518 per
486 1461 772 1514 Telescopium
810 1459 1104 1511 contemplatus
1140 1458 1238 1499 sum.
1301 1456 1432 1497 Porro
1469 1456 1496 1497 fi
1531 1457 1656 1498 cauda
1684 1459 1858 1507 oriretur
1883 1460 1926 1500 δε

388 1517 625 1559 refraffione
655 1515 831 1555 materiae
861 1513 1056 1561 coelestis,
1092 1512 1134 1553 δε
1163 1526 1237 1566 pro
1263 1511 1387 1565 figura
1416 1512 1620 1552 coelorum
1645 1511 1928 1563 deflefieretur

387 1572 440 1612 de
468 1571 568 1612 Solis
596 1570 869 1624 oppositione,
906 1567 1074 1608 deberet
1103 1566 1280 1608 deflexio
1305 1567 1367 1606 illa
1394 1566 1440 1606 in'
1463 1566 1602 1606 iisdem
1629 1566 1726 1606 coeli
1752 1567 1928 1620 regioni-

387 1626 459 1666 bus
496 1626 537 1666 issn
574 1625 744 1665 eandem
780 1623 934 1676 semper
973 1631 1126 1674 partem
1161 1621 1259 1662 fier-i.
1323 1621 1460 1672 Atqui<
1487 1620 1659 1660 Cometa
1687 1621 1929 1661 Anni<1680

387 1679 576 1720 Decemb.
608 1678 672 1717 28.
700 1678 797 1716 hora
830 1677 870 1715 8}
897 1679 934 1717 P.
962 1675 1022 1716 Μ.
1050 1675 1242 1721 Londini,
1282 1673 1503 1714 versabatur
1522 1674 1568 1713 vin
1595 1681 1628 1717 δε
1649 1673 1715 1712 88¹·
1743 1674 1807 1725 41·‘
1832 1687 1928 1716 cum

388 1733 600 1774 latitudine
627 1730 776 1771 boreali
806 1729 901 1767 283¹·
928 1729 982 1775 6'·,
1018 1728 1111 1768 Sole
1139 1727 1332 1766 existente
1365 1726 1405 1766 in
1430 1732 1474 1766 Ὃν
1503 1726 1592 1764 188¹·
1623 1727 1695 1768 26'.
1759 1727 1813 1769 Et
1840 1728 1925 1769 Co-

379 1797 504 1829 met-aff
532 1785 642 1825 Anni
684 1796 784 1832 1577
803 1810 815 1828 ,
859 1782 963 1821 Dec.
993 1794 1056 1832 29.
1094 1779 1318 1820 versabatur
1347 1780 1387 1820 in
1415 1785 1449 1824 ἦε
1481 1779 1548 1819 88’·-
1574 1781 1635 1831 41‘
1670 1794 1763 1821 cum
1793 1775 1942 1822 latitu-'

391 1841 488 1881 dine
525 1836 682 1879 boreali⁴
711 1836 806 1875 28³¹·
845 1835 934 1887 4o‘,
974 1833 1067 1874 Sole
1091 1834 1210 1874 etiam
1248 1833 1441 1874 existente
1459 1829 1500 1873 in
1528 1845 1570 1879 ψ
1600 1834 1644 1873 18
1657 1841 1692 1865 2¹·
1720 1836 1783 1874 26⁴
1810 1836 1926 1877 cirei-
1953 1871 1957 1875 .

390 1905 464 1936 ter.
522 1891 709 1944 Utroque
745 1890 785 1930 in
822 1889 911 1929 casu
944 1887 1074 1928 Terra
1112 1886 1336 1927 versabatur
1367 1887 1408 1927 in
1437 1886 1585 1927 eodem
1614 1888 1731 1933 locor,
1771 1889 1812 1929 δε
1842 1889 1926 1930 Co.

391 1958 506 1990 meta-
524 1945 734 2000 apparebat
760 1945 802 1984 in
830 1942 972 1984 eadem
998 1941 1102 1982 coeli·
1123 1950 1262 1993 parte:
1299 1942 1340 1981 in
1367 1940 1490 1994 priori
1519 1951 1654 1982 tamen>
1684 1942 1773 1983 casu
1798 1943 1928 1984 cauda

388 2002 576 2043 Cometae
613 1999 693 2052 (ex
720 1998 823 2038 meis
849 1997 889 2037 &
917 1997 1081 2037 aliorum
1112 1994 1492 2046 Observationibus)
1528 1995 1750 2037 declinabat
1777 1998 1925 2047 angulo

392 2055 588 2110 graduum
626 2053 674 2104 4}
702 2052 762 2092 ab*
786 2051 1034 2104 oppositione
1083 2049 1184 2090 Solis
1228 2050 1457 2102 aquilonem
1507 2048 1669 2096 versus;
1716 2050 1755 2090 in
1792 2051 1924 2105 poste-

391 2111 497 2151 riore
542 2120 639 2148 vero
685 2109 765 2159 <ex
802 2103 1155 2145 Observationibus
1199 2103 1407 2155 Tychonis)
1452 2102 1679 2143 declinatio·
1715 2115 1798 2145 erat
1836 2118 1924 2158 gra..

389 2163 518 2204 duum
564 2176 619 2200 21·
659 2162 699 2201 in
744 2159 926 2200 austrum.
993 2158 1114 2210 Igitur
1157 2157 1367 2210 repudiata·
1409 2156 1608 2197 coelorum
1655 2158 1894 2200 refraetione
1912 2189 1925 2208 ,

388 2215 563 2270 superest
598 2225 642 2256 ut
679 2214 949 2255 Phaenomena
986 2212 1216 2253 caudarum
1254 2224 1306 2252 ex
1344 2210 1508 2252 materia
1535 2210 1670 2266 aliqua
1690 2212 1922 2254 1·efle&tent⁴e

389 2270 634 2315 deriventur.

447 2324 604 2365 Caudas
641 2331 774 2362 autem
811 2335 834 2361 a
870 2321 1070 2375 capitibus
1099 2319 1195 2360 oriri
1235 2319 1273 2359 ἃ
1313 2320 1354 2360 in
1390 2318 1574 2370 regiones
1603 2332 1632 2360 a*
1654 2321 1747 2363 Sole
1773 2320 1922 2362 aversas

392 2377 613 2424 ascendere*
645 2375 903 2418 confirmatur
934 2389 986 2418 ex
1023 2374 1173 2431 legibus
1206 2386 1306 2429 quas
1337 2372 1558 2415 observant.
1634 2375 1694 2417 Ut·
1734 2375 1842 2430 quod
1879 2373 1921 2414 in

1803 2427 1929 2483 planis
