2079 3033
382 163 452 213 με
681 115 1600 200 PHHAffiOPHMENATURALm

181 258 228 286 m
243 255 361 281 Moru
380 244 517 285 Coi-01,
541 257 573 293 7.
601 241 855 291 Propfflxxv.
887 235 940 275 {n
968 232 1141 273 motibus
1169 231 1291 272 tardis
1321 231 1532 273 refistentia
1555 232 1777 284 potestess'e
1795 233 1912 285 panio

180 297 364 333 gomanum.
381 299 534 343 minor,
562 303 771 349 propterea
790 288 901 343 quod
919 288 1042 340 figura
1059 285 1183 326 Globi
1203 287 1318 338 paulo
1338 286 1466 339 aptior
1485 286 1529 326 fit
1547 286 1597 326 ad
1618 297 1772 328 motum
1793 301 1912 342 quam

382 354 505 405 figura
526 347 708 403 Cylindri
728 345 869 385 eadem
890 342 1086 382 diametro
1114 339 1310 393 descripti.
1367 341 1410 381 ln
1439 339 1612 380 motibus
1630 341 1831 381 velocibus
1852 354 1913 381 re—

384 405 551 448 sistentia
571 401 699 454 potest
715 397 791 440 esse
811 398 929 452 paulo
948 395 1070 447 major
1089 423 1099 440 ,
1135 404 1346 447 propterea
1370 394 1488 446 ,quod
1520 394 1722 435 elasticitas
1745 395 1784 434 δε
1805 408 1914 434 coma

385 459 529 514 preffio
550 455 666 496 fluidi
683 466 766 495 non
789 461 1009 505 augeantur
1030 449 1070 489 in
1090 448 1284 500 duplicata
1297 449 1458 489 ,ratione
1480 449 1712 489 velocitatis.
1751 447 1830 489 Sed
1848 448 1916 488 hu-

380 511 552 567 jusmodi
572 509 755 550 minutias
774 507 839 547 hic
860 518 942 546 non
964 503 1163 556 expendo,

439 567 491 607 Et
512 563 693 619 quamvis
715 564 798 602 Aer
817 590 828 608 ,
859 562 976 612 Aqua
994 587 1004 604 ‚
1034 560 1262 609 Argentum
1283 556 1418 596 vivum
1438 556 1480 596 δε
1501 556 1776 597 fimiliafiuida
1799 586 1810 603 ,
1846 570 1915 610 per

383 620 616 662 divisionem
636 616 806 670 partium
827 615 865 654 in
887 612 1086 654 infinitum
1104 640 1114 657 ,
1154 610 1447 650 subtiliarentur
1468 610 1508 650 δε
1534 611 1676 651 fierent
1699 610 1838 651 Media
1857 612 1929 651 in-'

382 676 494 716 finite
514 671 661 717 fluida;
693 681 824 711 tamen
846 664 1174 721 globisprojeffis
1193 664 1296 704 haud
1316 665 1444 704 minus
1464 663 1696 704 resisterent.
1725 664 1829 705 Nam
1852 679 1912 705 re-

384 728 572 774 sistentia,
602 725 653 766 de
672 738 751 778 qua
771 723 898 775 agitur
916 721 956 772 in
976 717 1317 772 Propofitionibus
1335 718 1654 770 praecedentibus
1671 748 1682 765 ‚
1721 719 1848 759 oritur
1868 719 1915 759 ab

382 783 524 823 inertia
545 779 748 823 materiae3
780 778 819 816 δε
838 775 977 815 inertia
997 774 1172 814 materiae
1191 771 1720 824 corporibuseffentialisest
1737 773 1776 811 δε
1796 786 1920 826 quan-

383 837 487 876 titati
507 833 681 878 materiae
699 832 852 884 semper
872 827 1191 881 proportionalis.
1229 822 1307 864 Per
1332 825 1566 865 divisionem
1586 826 1755 878 par-tium
1776 826 1915 874 fluidi,

381 888 594 931 resistentia
614 900 704 940 quae
724 885 851 925 oritur
870 896 891 921 a
909 881 1120 921 tenacitate
1141 880 1178 918 &
1194 877 1382 919 'frifflone
1402 879 1573 930 partium
1595 909 1605 923 ‚
1642 879 1811 919 diminui
1831 880 1919 933 qui-

381 945 476 985 dem
504 941 634 996 potest
654 955 662 980 :
692 938 759 979 sed
782 936 980 990 quantitas
1001 933 1175 972 materiae
1195 944 1266 984 per
1289 931 1524 972 divisionem
1541 932 1714 985 partium
1736 931 1818 985 ejus
1837 946 1920 975 non

380 998 615 1038 diminuitur
638 1011 649 1043 3
680 993 720 1032 &
740 999 929 1030 manente
949 987 1167 1041 quantitate
1187 985 1364 1025 materiae
1386 1014 1396 1033 ‚
1434 996 1569 1026 manet
1589 986 1670 1036 ejus
1687 986 1743 1026 vis
1762 987 1918 1027 inertiae

320 1053 322 1055 ’
380 1052 445 1092 cui
465 1048 696 1093 resistentia,
725 1044 776 1085 de
797 1056 874 1098 qua
896 1042 960 1082 hic
977 1042 1128 1093 agitur,
1147 1040 1299 1092 semper
1320 1040 1626 1092 proportionalis
1649 1039 1715 1080 est.
1753 1039 1816 1080 >Ut
1836 1041 1921 1082 haec
1957 1078 1964 1080 s

382 1103 594 1146 refistentia
623 1099 866 1141 diminuatur
885 1124 896 1142 ‚
942 1095 1110 1135 diminui
1137 1093 1259 1133 debet
1287 1094 1485 1146 quantitas
1518 1094 1694 1133 materiae
1722 1094 1762 1134 in
1788 1095 1919 1147 spatiis

381 1172 451 1212 per
470 1170 561 1211 quae
589 1167 758 1208 corpora
777 1159 1002 1192 moventur.
1056 1147 1108 1188 Et
1129 1156 1339 1200 propterea
1363 1147 1481 1200 spatia
1498 1147 1710 1193 eoelestia,
1733 1160 1809 1200 per
1829 1162 1919 1202 quae

381 1212 490 1265 globi
509 1212 757 1251 planetarum
778 1206 819 1245 δε
837 1204 1098 1245 Cometarurn
1118 1202 1159 1241 in
1178 1213 1317 1240 omnes
1337 1210 1465 1253 partes
1489 1200 1691 1241 liberrime
1714 1201 1754 1241 (ἵε
1774 1201 1918 1256 absque

380 1266 492 1307 omni
510 1274 642 1305 motus
662 1260 928 1301 diminutione
956 1256 1120 1297 sensibili
1148 1264 1346 1308 perpetuo
1376 1264 1589 1294 moventur
1608 1283 1619 1300 ‚
1654 1253 1783 1294 fluido
1810 1256 1923 1297 omni

381 1331 581 1372 corporeo
603 1315 889 1360 destituuntur,
908 1312 933 1351 si
951 1310 1056 1351 forte
1075 1321 1239 1362 vapores
1258 1307 1380 1360 longe
1403 1307 1649 1352 tenuiffimos
1670 1307 1710 1347 &
1739 1308 1920 1361 trajeetos

381 1373 480 1414 lucis
502 1372 632 1413 radios
651 1368 835 1421 excipias.

437 1424 658 1477 Projeffilia
677 1423 818 1476 utique
838 1430 994 1460 motum
1014 1418 1121 1459 cient
1141 1417 1181 1457 in
1200 1415 1334 1457 fluidis
1354 1415 1730 1469 progrediend0,-&
1744 1416 1813 1458 hic
1833 1431 1921 1458 mo-

381 1490 443 1520 tus
465 1480 592 1519 oritur
611 1477 658 1517 ab
679 1475 837 1516 exceffu
858 1472 1062 1527 pressionis
1082 1471 1197 1511 fluidi
1223 1471 1273 1511 ad
1301 1470 1511 1524 projeetilis
1539 1481 1669 1524 partes
1697 1472 1842 1512 anticas
1859 1472 1919 1513 su-

381 1547 450 1587 pra
477 1531 715 1585 pressionem
744 1529 793 1569 ad
823 1528 905 1580 ejus
935 1537 1064 1581 partes
1092 1525 1258 1579 posticas
1279 1554 1290 1572 ‚
1327 1524 1368 1568 δε
1407 1537 1490 1567 non
1526 1525 1657 1565 minor
1686 1524 1763 1565 effe
1788 1527 1920 1579 potest

380 1589 421 1628 in
450 1586 599 1628 Mediis
627 1583 780 1624 infinite
810 1581 944 1622 fluidis
971 1593 1089 1634 quam
1128 1580 1169 1619 in
1198 1581 1308 1619 Aere
1328 1607 1339 1624 ‚
1385 1580 1503 1630 Aqua
1523 1607 1535 1625 ‚
1578 1579 1619 1617 &
1649 1580 1836 1631 Argento
1863 1580 1920 1620 vi-

381 1654 434 1681 vo
464 1653 537 1695 pro
566 1638 757 1679 densitate
784 1636 961 1676 rna-teriae
988 1636 1029 1673 in
1064 1633 1234 1683 singulis„
1293 1631 1378 1670 Hic
1399 1641 1533 1670 autem
1553 1631 1764 1681 ‚preffionis
1784 1632 1919 1672 exces-

320 1721 324 1723 —
380 1695 463 1741 sus,
494 1706 567 1747 pro
587 1691 808 1744 quantitate
827 1689 914 1734 sua,
933 1699 1015 1726 non
1034 1694 1187 1724 tantum
1207 1693 1363 1723 motum
1382 1684 1461 1723 ciet
1481 1684 1522 1723 in
1543 1683 1692 1730 fluido,
1712 1683 1778 1724 sed
1799 1686 1919 1726 etiam

382 1749 462 1802 agit
481 1749 521 1788 in
539 1743 740 1798 projefflle
759 1742 809 1781 ad
829 1750 986 1782 motum
1007 1738 1088 1790 ejus
1107 1736 1390 1777 retardandum
1412 1750 1420 1775 :
1453 1735 1494 1776 δε
1514 1746 1724 1789 propterea
1743 1739 1919 1779 refisten-

384 1805 439 1842 tia
462 1802 504 1841 in
532 1798 642 1839 omni
671 1795 799 1836 fluido
821 1823 832 1840 ,
873 1793 929 1833 est
955 1802 1089 1832 motus
1116 1792 1156 1830 in
1180 1788 1309 1830 fluido
1331 1804 1351 1829 a
1368 1789 1561 1843 projeffifi
1582 1791 1775 1831 excitatus
1795 1821 1806 1838 ‚
1841 1805 1916 1833 nee

385 1856 517 1897 minor
552 1851 628 1892 effe
662 1849 791 1904 potest
828 1849 869 1887 in
908 1845 1078 1887 AEthere
1105 1843 1352 1885 subtilissimo
1379 1856 1453 1896 pro
1480 1843 1672 1884 denfitate
1702 1843 1917 1892 AEtheris‚

385 1921 505 1960 quam
543 1907 583 1946 in
613 1906 748 1952 Aere,
788 1902 935 1955 Aqua,
974 1901 1015 1941 &
1043 1900 1229 1952 Argento
1253 1898 1346 1939 vivo
1382 1910 1456 1951 pro
1486 1896 1742 1940 densitatibus
1765 1899 1916 1941 ‚horum

383 1962 620 2010 fluidorum.

1597 2364 1947 2430 SECTIO
