2079 3033
407 168 485 209 304
713 149 1211 195 'PHILOSOPI-IIAE
1267 148 1668 195 NATURAL‘IS

209 256 258 285 DE
277 255 376 288 Morw
410 238 486 278 ciei
504 246 718 278 occurrens
735 233 777 274 in
804 233 850 273 K
874 233 916 274 δε
948 232 999 274 L.
1049 232 1103 273 Et
1120 232 1307 273 velocitas
1326 243 1439 286 aquae
1456 231 1653 274 effluentis
1672 246 1741 289 per
1758 236 1939 283 foramen

211 288 449 331 eumeriumg
465 292 504 331 F
527 305 573 333 ea
592 291 666 330 erit
685 300 806 341 quam
825 301 927 342 aqua
953 286 1138 330 cadendo
1165 286 1212 328 ab
1240 287 1269 327 I
1293 286 1550 328 &castillio
1578 286 1838 333 describendo
1856 295 1939 335 alti-

408 346 590 387 tudinem
620 343 648 382 I
654 342 691 382 G
728 343 937 395 acquirere
969 341 1109 395 potest.
1156 341 1340 396 rIdeoque
1365 353 1437 395 per
1466 342 1742 384 Theoremata
1780 346 1940 388 Galilaei

409 402 484 441 erit
521 400 590 438 IG
619 397 670 437 ad
700 397 724 436 I
732 398 782 437 H
803 398 844 437 in
872 397 1072 449 duplicata
1096 395 1250 436 ratione
1276 396 1496 437 velocitatis
1522 409 1634 451 aquae
1664 410 1734 451 per
1760 397 1940 443 foramen

408 453 605 495 effluentis
626 451 676 491 ad
692 452 949 493 velocitatem
960 463 1080 504 aquae
1097 450 1138 490 in
1161 450 1313 491 circulo
1341 449 1450 497 AB,
1480 451 1558 491 hoc
1577 450 1655 498 est,
1675 451 1941 505 ‘induplicata

406 508 563 549 ratione
583 506 722 547 circuli
751 505 840 546 AB
868 505 917 545 ad
936 505 1131 545 circulum
1161 504 1200 543 E
1212 504 1269 550 F.;
1299 517 1390 545 nam
1408 504 1449 544 hi
1469 505 1607 545 circuli
1625 505 1713 545 sunt
1733 507 1942 560 reciproce

408 571 451 602 ut
481 561 712 602 velocitates
737 569 927 614 aquarum
953 571 1044 613 quae
1071 572 1141 612 per
1168 558 1271 612 ipsos
1290 587 1302 606 ,
1346 558 1494 599 eodem
1519 569 1704 612 tempore
1731 559 1774 599 ἃ
1794 562 1943 614 ,εεῳιαΙί

407 615 627 656 ouantitate
647 647 657 661 ‚
702 614 909 668 adaequate
933 613 1146 654 transeunt.
1212 612 1277 653 De
1300 613 1514 654 velocitate
1546 625 1659 667 aquae
1686 613 1943 656 horizontem

408 670 538 710 versus
563 669 630 709 hic
656 669 798 722 agitur.
861 667 916 708 Et
942 677 1075 708 motus
1098 666 1301 707 horizonti
1328 668 1529 719 parallelus
1554 680 1637 722 quo
1666 677 1799 721 partes
1826 681 1940 723 aquae

408 723 587 764 cadentis
612 723 663 763 ad
689 723 862 763 invicem
889 721 1087 773 accedunt
1105 750 1117 768 ,
1152 733 1245 761 cum
1273 733 1356 761 non
1383 721 1533 761 oriatur
1558 735 1579 761 a
1608 721 1801 774 gravitate
1824 754 1833 768 ,
1863 736 1941 764 nec

406 789 566 820 motum
600 776 802 817 horizonti
834 775 1214 830 :perpendicularem
1247 787 1282 814 a,
1301 775 1494 827 gravitate
1531 775 1749 815 oriundum
1784 786 1914 817 mutet
1927 806 1943 824 s,

406 832 471 873 hic
497 844 580 872 non
606 830 890 883 confideratur.
946 829 1215 882 Supponimus
1241 828 1409 881 quidem
1436 827 1548 880 quod
1568 838 1705 880 fpartes
1732 842 1845 882 aquae
1875 831 1942 871 ali-

404 886 643 940 quantulum
663 884 910 930 cohaereant,
938 884 979 923 &
999 895 1068 935 per
1088 880 1354 921 cohaefionem
1373 881 1481 921 suam
1501 881 1613 921 ,inter
1633 881 1862 923 cadendum
1880 897 1944 925 ac-

406 940 553 981 cedant
573 938 622 980 ad
640 938 811 979 invicem
829 950 901 990 per
920 945 1053 976 motus
1072 934 1275 975 horizonti
1296 935 1521 987 parallelos,
1551 945 1596 976 ut
1612 936 1770 977 unicam
1789 946 1945 979 tantum

409 993 624 1035 efforment
640 989 872 1032 carm-aetam
893 990 934 1030 ἃ
952 1002 1035 1030 non
1052 990 1092 1029 in
1111 989 1243 1042 plures
1264 987 1472 1029 carm-aetas
1490 989 1739 1031 dividantur:
1768 991 1837 1032 sed
1856 1004 1945 1033 m0==

409 1059 495 1089 tum
515 1045 719 1088 horizonti
738 1045 988 1099 parallelum,
1015 1056 1038 1084 a
1055 1042 1280 1088 cohaefione
1300 1043 1365 1086 illa
1387 1043 1604 1084 oriundum
1617 1072 1630 1092 ‚
1653 1043 1725 1086 ,hic
1744 1058 1827 1087 non
1846 1059 1944 1089 con-

410 1101 633 1142 sideramus.
958 1123 961 1126 ⁴

465 1156 554 1207 Cast
571 1170 601 1196 1.
628 1153 811 1204 Concipe
826 1153 905 1206 jam
923 1153 1136 1194 cavitatem
1152 1161 1280 1192 tot-am
1300 1152 1340 1192 in
1358 1151 1467 1200 vase,
1490 1152 1537 1192 'in
1555 1152 1726 1195 circuitu
1739 1159 1857 1208 -aquae
1878 1167 1942 1197 ca-

406 1209 540 1251 dentis
569 1209 657 1249 AB
668 1208 720 1248 N
722 1208 763 1247 F
767 1208 808 1247 E
822 1209 892 1253 M,
924 1208 1048 1260 glacie
1068 1208 1225 1260 plenam
1245 1205 1322 1246 effe
1339 1235 1351 1252 ,
1381 1215 1427 1247 ut
1453 1220 1555 1259 aqua
1573 1219 1644 1258 per
1667 1209 1835 1259 glaciem
1854 1218 1941 1249 tan-

408 1277 528 1317 quam
553 1276 626 1317 per
653 1262 948 1304 infundibulum
976 1261 1157 1301 transeat.
1214 1260 1268 1300 Et
1298 1259 1325 1298 si
1353 1272 1453 1312 aqua
1473 1260 1650 1312 glaciem
1670 1270 1831 1301 :tantum
1860 1275 1945 1303 non

410 1327 545 1371 tangat
564 1318 649 1366 vel,
678 1317 790 1370 quod
816 1314 982 1369 perinde
1001 1313 1057 1354 est
1075 1343 1085 1359 ,
1124 1313 1155 1356 ,fi
1175 1322 1308 1365 tangat
1327 1312 1367 1353 &
1387 1325 1457 1365 per
1473 1313 1640 1365 glaciem
1659 1325 1824 1368 propter
1841 1314 1945 1357 sum-

408 1385 513 1412 mam
533 1371 613 1423 ejus
631 1372 845 1425 polituram
866 1382 986 1422 quam
1005 1368 1205 1407 liberrime
1232 1367 1274 1406 &
1293 1366 1372 1406 fine
1400 1367 1511 1407 omni
1529 1366 1743 1409 refistentia
1763 1369 1938 1417 labarum

407 1425 494 1466 haec
521 1424 673 1465 defluet
700 1437 771 1477 per
798 1424 978 1463 foramen
1008 1421 1100 1461 EF
1124 1421 1267 1461 eadem
1297 1421 1510 1461 velocitate
1537 1434 1581 1461 ac
1606 1422 1715 1474 prius
1732 1452 1744 1470 ,
1783 1423 1825 1463 &
1843 1436 1944 1477 pon-

407 1478 482 1519 dus
509 1488 639 1519 totum
657 1480 856 1518 columnae
884 1489 997 1531 aquae
1026 1474 1364 1519 [ABNFEM
1385 1475 1642 1527 impendetur
1663 1477 1704 1517 in
1732 1476 1943 1522 defluxum

408 1532 492 1585 ejus
511 1532 785 1586 generandum
803 1532 860 1572 uti
882 1532 1012 1585 prius,
1042 1531 1083 1571 δε
1105 1528 1276 1572 fundum
1296 1529 1390 1571 vafis
1407 1528 1608 1570 sustinebit
1624 1530 1783 1584 pondus
1801 1532 1944 1585 glaciei

409 1588 636 1632 columnam
656 1586 874 1627 ambientis.

462 1639 680 1694 Liquescat
693 1639 771 1691 jam
792 1638 993 1692 glacies‘in
1013 1637 1122 1682 vase;
1142 1637 1182 1676 δε
1201 1636 1368 1676 effluxus
1387 1649 1503 1689 aquae
1523 1637 1657 1689 quoad
1676 1639 1942 1694 velocitatem,

412 1694 522 1736 idem
536 1693 711 1734 manebit
731 1705 775 1731 ac
798 1692 916 1742 prius.
974 1692 1070 1731 Non
1091 1690 1222 1730 minoi·
1240 1689 1313 1729 erit
1334 1717 1347 1736 ‚
1387 1689 1481 1742 quia
1498 1689 1640 1741 glacies
1653 1691 1698 1730 'in
1715 1705 1858 1745 aquam
1876 1708 1942 1735 re-

413 1748 538 1794 solu-ta
552 1745 764 1791 conabitur
783 1743 1028 1785 descendere
1050 1757 1059 1784 :
1088 1756 1169 1783 non
1195 1742 1320 1794 major
1340 1771 1351 1789 ‚
1388 1743 1480 1796 quia
1499 1743 1640 1795 glacies
1656 1743 1696 1784 in
1716 1758 1858 1799 aquam
1879 1762 1942 1789 re.

409 1802 534 1842 soluta
548 1813 636 1841 non
655 1798 783 1853 potest
800 1798 1044 1842 descendere
1063 1797 1134 1838 nisi
1157 1795 1419 1849 impediendo
1446 1796 1677 1838 descensum
1705 1811 1819 1855 aqjuae
1844 1803 1941 1843 alte-

409 1855 489 1895 rius
511 1853 714 1898 descensui
733 1852 802 1892 suo
822 1853 1027 1904 aequalem,
1081 1850 1240 1897 Eadem
1260 1850 1316 1890 vis
1334 1849 1505 1890 eandem
1521 1862 1634 1903 aquae
1655 1851 1853 1895 effluentis
1871 1869 1940 1897 ve·

410 1909 614 1950 locitatem
634 1919 824 1960 generare
836 1906 977 1948 debet.

464 1961 544 2003 Sed
564 1961 745 2001 foramen
775 1961 815 2001 in
843 1959 972 2001 fundo
999 1959 1122 2006 vasis„
1160 1967 1325 2013 propter
1351 1958 1534 2013 obliquos
1571 1969 1704 2002 motus
1731 1963 1940 2015 particula-

409 2030 501 2058 rum
515 2028 629 2068 aquae
646 2014 863 2061 effluentis,
891 2015 1010 2066 paulo
1029 2014 1150 2066 majus
1173 2013 1257 2055 effe
1274 2012 1395 2054 debet
1412 2025 1531 2065 quam
1557 2015 1676 2067 prius.
1730 2017 1835 2058 Nam
1855 2032 1940 2073 par-

408 2071 544 2117 ticulae
561 2082 682 2124 vaquae
706 2069 785 2121 jam
813 2081 896 2109 non
923 2067 1125 2109 transeunt
1150 2080 1288 2108 omnes
1318 2080 1389 2121 per
1417 2067 1599 2108 foramen
1637 2071 1939 2124 perpendicula-

405 2125 503 2165 riter
522 2152 533 2170 ,
571 2123 640 2165 sed
665 2137 686 2163 a
712 2122 897 2163 lateribus
911 2121 1012 2162 -vafis
1038 2122 1221 2175 undique
1247 2120 1497 2162 confluentes
1517 2121 1619 2162 &in
1638 2123 1820 2166 foramen
1842 2140 1939 2169 con-

405 2186 616 2231 vergentes
634 2206 646 2223 ‚
679 2176 849 2231 obliquis
878 2175 1079 2217 transeunt
1114 2174 1289 2216 motibus
1312 2194 1322 2222 ;
1363 2176 1404 2215 &
1433 2175 1592 2216 cursum
1619 2176 1734 2218 suum
1753 2180 1940 2222 deorsum

404 2231 613 2272 fleetentes
632 2231 673 2270 in
691 2243 836 2271 venam
856 2243 968 2285 aquae
989 2230 1186 2271 exilientis
1207 2229 1432 2283 conspirant
1451 2257 1462 2275 ‚
1491 2243 1581 2284 quae
1599 2231 1742 2273 exilior
1768 2234 1825 2274 est
1846 2248 1941 2288 pau-

405 2288 446 2327 lo
472 2285 574 2326 infra
602 2283 784 2325 foramen
814 2297 935 2338 quam
963 2285 1004 2326 in
1031 2284 1116 2338 ipso
1144 2284 1342 2325 foramine
1360 2312 1372 2330 ‚
1414 2282 1608 2325 existente
1629 2286 1715 2338 *ejus
1744 2287 1941 2329 diametro

405 2340 456 2383 ad
473 2339 713 2386 diametrum
742 2338 946 2382 foraminis
976 2349 1020 2382 ut
1041 2353 1062 2393 5
1085 2339 1135 2381 ad
1154 2341 1198 2389 6,
1225 2339 1288 2380 vel
1315 2350 1357 2390 5¹3
1390 2337 1441 2379 ad.
1466 2343 1509 2385 6}
1536 2351 1656 2394 quam
1686 2342 1944 2437 proxime‚dfi

1821 2408 1891 2437 mo
1922 2410 1949 2438 o
