2079 3033
421 144 769 194 PRINCIPIA
799 142 1354 187 MATHEMATICA.
1615 159 1666 198 55

123 237 348 298 SPxQT
370 248 415 280 ut
444 249 534 279 area
554 235 656 297 ’dato
687 241 872 293 tempore
902 232 1099 294 descripta
1118 264 1130 282 ,
1158 233 1198 274 id
1226 232 1305 283 est,
1332 244 1404 288 per
1430 230 1818 304 Prop.x1v.PL1m÷R

122 298 163 340 in
192 294 463 350 subduplicata
490 300 644 333 ratlone
673 289 804 329 lateris
832 285 941 329 rech.
1000 288 1055 346 Q
1080 289 1134 331 E,
1160 288 1224 330 D,
1703 284 1845 307 amus„

165 1404 286 1445 Corol.
319 1418 351 1446 1.
407 1405 557 1448 Latera
593 1407 701 1448 reeta
729 1406 962 1461 principalia
987 1408 1077 1448 sunt
1103 1406 1146 1446 in
1174 1406 1331 1447 ratione
1359 1407 1577 1460 compofita
1606 1420 1656 1449 ex

76 1478 78 1480 >
109 1459 308 1512 duplicata
343 1460 498 1502 ratione
535 1460 921 1516 perpendiculorum
961 1461 1003 1501 &
1041 1461 1243 1512 duplicata
1282 1460 1435 1501 ratione
1463 1462 1655 1502 velocita-

109 1522 209 1554 tum.
443 1534 446 1536 ·

163 1567 299 1608 Corol.⁴
317 1583 353 1608 2.
381 1567 631 1610 Velocitates
658 1580 878 1620 corporum
907 1567 947 1607 in
975 1568 1158 1608 maximis
1188 1566 1230 1607 &
1259 1567 1434 1607 minimis
1462 1567 1511 1607 ab
1529 1568 1658 1609 umbi-

105 1622 421 1665 licocommuni
451 1621 667 1665 distantiis,
694 1620 783 1659 sunt
812 1621 854 1659 in
882 1620 1040 1659 ratione
1069 1620 1291 1672 composita
1321 1633 1372 1660 ex
1396 1621 1552 1661 ratione
1581 1623 1657 1662 dis-

105 1674 317 1716 tantiarum
346 1674 501 1715 inverse
530 1674 572 1714 &
599 1672 873 1726 subduplicata
902 1672 1058 1713 ratione
1095 1673 1268 1714 laterum
1306 1673 1511 1715 festorum
1549 1676 1657 1730 prin-

103 1728 291 1784 cipalium
311 1728 474 1770 directe.
533 1727 638 1769 Nam
658 1727 947 1781 perpendicula
962 1726 1043 1779 jam
1063 1728 1150 1768 sunt
1169 1727 1261 1781 ipsae
1288 1728 1495 1769 distantiae.

158 1785 282 1825 Corol.
315 1799 348 1832 3.
405 1783 584 1838 Ideoque
614 1783 803 1824 velocitas
832 1783 873 1823 in
901 1782 1058 1823 (Ionica
1083 1781 1258 1823 sefflone
1276 1812 1288 1830 ,
1316 1782 1357 1823 in
1387 1784 1559 1824 maxima
1589 1786 1654 1826 vel

104 1839 268 1881 minima
295 1839 344 1879 ab
373 1838 565 1879 umbilico
597 1837 778 1878 distantia
800 1867 810 1885 ‚
847 1837 904 1877 est
941 1836 991 1876 ad
1031 1837 1287 1878 velocitatem
1325 1837 1366 1878 in
1403 1837 1573 1879 Circulo
1608 1840 1651 1881 in

105 1893 248 1936 eadem
280 1895 301 1933 a
321 1902 465 1934 centro
484 1892 689 1939 distantia,
718 1892 758 1932 in
776 1891 1050 1945 subduplicata
1067 1891 1223 1934 ratione
1243 1892 1374 1934 lateris
1391 1892 1489 1933 reffi
1507 1893 1654 1947 princi-

104 1948 200 2002 palis
220 1947 271 1987 ad
290 1946 452 2001 duplam
471 1947 578 1988 illam
601 1946 836 1987 distantiam.

162 2001 285 2043 Corol.
315 2015 352 2055 4.
408 2002 644 2054 Corporum
673 2002 714 2042 in
744 2000 952 2055 Ellipfibus
982 2001 1210 2055 gyrantium
1239 2000 1472 2042 velocitates
1498 2001 1540 2042 in
1568 2014 1653 2044 me-

109 2056 316 2098 diocribus
355 2056 546 2106 distantiis
576 2057 624 2097 ab
664 2056 857 2097 umbilico
898 2056 1106 2098 communi
1135 2056 1224 2098 sunt
1253 2056 1411 2097 eaedem
1441 2068 1531 2110 quae
1560 2069 1652 2098 cor-

104 2124 251 2166 porum
281 2112 510 2165 gyrantium
539 2111 581 2152 in
609 2111 782 2152 Circulis
810 2110 861 2152 ad
888 2110 1044 2152 easdem
1074 2109 1307 2157 distantias;
1348 2110 1430 2150 hoc
1469 2110 1526 2151 est
1556 2112 1654 2165 (per

107 2167 246 2207 Corol.
267 2171 302 2206 6.
325 2166 445 2217 Prop.
471 2167 547 2218 Π.)
577 2165 787 2220 reciproce
815 2166 857 2207 in
883 2165 1156 2220 subduplicata
1182 2167 1336 2207 ratione
1366 2164 1651 2208 distantiarum.

107 2220 212 2261 Nam
240 2221 528 2275 perpendicula
553 2221 633 2274 jam
662 2221 751 2262 sunt
780 2221 990 2262 semi-axes
1012 2222 1211 2267 minore83
1246 2221 1286 2261 δε
1314 2220 1356 2261 hi
1384 2219 1474 2260 sunt
1500 2229 1545 2261 ut
1566 2234 1650 2262 me-

108 2274 186 2316 diae
205 2277 521 2329 proportionales
540 2277 644 2317 inter
665 2276 862 2317 distantias
884 2275 923 2316 δε
945 2277 1064 2317 latera
1081 2274 1200 2317 recia.
1257 2276 1539 2330 Componatur
1562 2275 1655 2316 haec

107 2331 211 2370 ratio
229 2330 381 2371 inverse
400 2343 492 2371 cum
512 2331 782 2384 subduplicata
800 2331 956 2372 ratione
973 2331 1143 2372 laterum
1171 2330 1374 2372 festorum
1401 2330 1574 2377 directe,
1606 2329 1649 2369 &

106 2383 176 2426 fiet
195 2385 298 2425 ratio
316 2385 585 2438 subduplicata
605 2385 879 2426 distantiarum
898 2386 1063 2427 inverse.

103 2471 116 2500 ‚⁷
163 2439 285 2481 Corol.
317 2451 351 2490 ς.
406 2439 450 2480 In
467 2440 611 2481 eadem
628 2440 775 2494 figura,
804 2442 867 2484 vel
893 2441 1014 2482 etiam
1040 2441 1081 2482 in
1098 2441 1235 2494 figuris
1262 2440 1447 2486 diverfis,
1478 2451 1651 2535 qularum

1543 2503 1652 2535 atera
