2079 3033
356 173 435 221 25⁴4
614 161 617 162 ⁷
667 158 1160 209 PHILOSO'PHIAE
1195 159 1607 204 NATURALFS

167 260 219 303 ἷξε
238 260 335 287 Moru
362 252 587 310 aequilibrio
613 263 706 292 cum
733 247 850 289 fluidi
878 245 1053 300 partibus
1081 244 1365 294 constitutum,
1393 255 1583 300 urgetur3
1614 240 1894 305 &comparari

167 299 492 365 §.caponunnpooest
509 320 600 348 cum
623 302 780 345 excessu
800 303 862 343 vel
876 300 1042 349 >defectu
1054 300 1251 354 ponderis
1270 302 1310 342 in
1329 303 1440 342 lance
1458 302 1644 342 alterutra
1661 302 1781 345 librae.

415 364 537 405 Θυνοί.
569 364 603 399 6.
643 358 875 412 Corporum
912 356 1035 409 igitur
1073 357 1116 396 in
1145 353 1280 396 fluidis
1306 355 1616 397 constitutorum
1655 355 1804 410 duplex
1839 363 1894 402 est

361 419 565 463 Gravitas:
595 413 716 454 altera
744 425 836 454 vera
867 411 908 451 ἃς
937 410 1133 457 absoluta,
1161 410 1279 450 altera
1298 423 1508 464 apparenS,
1535 410 1703 464 v‘ulgaris
1723 411 1764 457 δε
1785 426 1896 456 com-

362 472 545 529 parativa.
603 467 789 508 Gravitas
809 466 986 507 absoluta
1006 463 1062 505 est
1079 465 1136 506 vis
1157 473 1242 504 tota
1261 477 1337 517 qua
1355 477 1500 518 corpus
1520 465 1706 506 deorsum
1735 467 1864 509 tendit
1884 483 1894 508 :

361 527 522 569 relativa
553 524 594 564 δε
625 522 797 575 vutgaris
825 521 880 561 est
910 519 1086 560 exceffus
1106 519 1313 573 gravitatis
1338 532 1420 573 quo
1446 532 1517 560 coi·
1548 533 1591 560 us
1625 520 1749 572 magi-s
1763 521 1897 562 tendit

363 581 551 623 deorsum
578 587 698 633 quam
728 575 902 616 fluidum
932 574 1119 615 ambiens.
1178 573 1322 614 Prioris
1349 574 1505 627 generis
1521 532 1742 615 EGravitate
1768 586 1897 628 partes

307 674 313 677 .
360 636 581 677 fluidorum
613 631 655 672 δε
683 643 901 683 corporum
932 629 1113 669 omnium
1144 627 1340 681 gravitant
1367 629 1407 669 in
1432 629 1529 668 locis
1567 628 1671 668 suis:
1717 628 1896 684 ideoque

359 688 580 743 conjunctis
599 685 845 741 ponderibus
865 683 1116 736 componunt
1135 682 1293 735 pondus
1311 682 1444 722 totius.
1501 681 1606 728 Nam
1624 690 1755 724 totum
1774 696 1896 725 omne

362 757 480 799 grave
509 742 585 790 est,
614 752 656 782 ut
685 741 726 780 in
754 738 848 792 vafis
873 739 1076 792 liquorum
1097 736 1222 790 pienis
1241 736 1413 789 experiri
1436 735 1556 787 licet3
1588 737 1628 776 δε
1646 738 1804 790 pondus
1832 749 1896 779 to-

361 802 439 840 tius
468 797 617 851 aequa‘le
645 793 700 834 est
725 792 969 845 ponderibus
999 792 1182 832 omnium
1209 790 1418 842 partium,
1437 795 1441 798 ’
1462 790 1640 843 ideoque
1676 804 1727 831 ex
1753 792 1895 834 iisdem

362 852 632 907 componitur.
688 847 866 888 Alterius
894 846 1048 900 generis
1079 844 1287 885 Gravitate
1318 856 1490 894 corpora
1518 856 1600 882 non
1630 844 1827 896 gravitant
1854 847 1896 887 in

362 908 460 949 locis
476 906 581 952 suis,
608 904 650 944 id
679 902 757 949 est,
783 902 888 941 inter
913 901 950 940 se
980 899 1121 939 conata
1150 910 1234 937 non
1262 907 1532 949 praegravant,
1562 897 1631 937 sed
1659 908 1821 939 mutuos
1847 900 1898 941 ad

363 958 692 1002 descendendum
724 966 890 1004 conatus
919 951 1182 1006 impedientia
1208 960 1442 1003 permanent
1465 951 1513 990 >in
1543 952 1639 991 locis
1668 952 1742 992 suis
1762 982 1774 1000 ,
1813 966 1901 1007 per.

357 1016 459 1057 'inde
484 1028 530 1055 ac
559 1013 587 1053 fi
616 1010 746 1065 gravia
773 1022 856 1051 non
884 1007 1020 1049 effent.
1072 1006 1184 1060 Quae
1211 1006 1254 1044 in
1283 1006 1394 1045 Aere
1423 1004 1510 1045 sunt
1541 1005 1580 1045 δε
1612 1019 1693 1047 non
1728 1019 1900 1062 praegra-

364 1080 490 1117 vant‚
537 1068 678 1120 vulgus
717 1064 848 1117 gravia
891 1075 974 1103 non
1009 1060 1174 1113 judicat.
1230 1058 1335 1112 Quae
1367 1069 1616 1112 praegravant
1645 1062 1783 1114 vulgus
1813 1076 1901 1115 gra-

361 1125 426 1165 via
451 1122 601 1176 judicat
621 1150 632 1167 ‚
667 1128 861 1173 quatenus
885 1116 933 1156 ab
959 1115 1077 1156 Aeriss
1104 1113 1286 1168 pondere
1313 1125 1396 1153 non
1432 1113 1679 1155 sustinentur.
1740 1115 1903 1157 Ponde-

364 1193 406 1220 ra
444 1176 551 1230 vulgi
585 1174 679 1215 nihil
715 1173 821 1213 aliud
856 1171 945 1211 sunt
977 1182 1097 1224 quam
1135 1166 1312 1209 excessus
1351 1175 1542 1208 verorum
1579 1169 1806 1221 ponderum
1840 1170 1903 1212 su·-

365 1246 435 1287 pra
464 1229 622 1285 pondus
658 1228 787 1269 Aeris.
844 1225 964 1266 Unde
1002 1224 1042 1264 δε
1073 1223 1194 1276 vulgo
1223 1221 1411 1262 dicuntur
1442 1223 1563 1270 levia,
1591 1236 1682 1275 quae
1712 1224 1806 1264 sunt.
1829 1225 1904 1265 mi-

365 1300 439 1327 nus
459 1284 611 1338 gravia,
640 1283 821 1334 Aerique
840 1279 1102 1333 praegravanti
1121 1275 1307 1315 cedendo
1335 1275 1535 1327 superiora
1557 1279 1720 1329 Petunt.
1753 1283 1757 1286 '
1778 1278 1905 1319 Corn-

357 1340 543 1395 ‘parative
569 1337 667 1379 levia
695 1336 804 1382 sunt,
833 1346 915 1374 non
944 1345 1066 1378 vere,
1095 1330 1187 1383 quia
1218 1329 1467 1369 descendunt
1495 1329 1535 1369 in
1565 1343 1703 1371 vacuo.
1762 1330 1826 1372 Sic
1864 1334 1907 1373 δε

365 1397 407 1436 in
453 1395 572 1445 Aqua
615 1389 816 1440 corporat,
875 1398 965 1440 quae
1004 1385 1057 1425 ob
1096 1383 1286 1437 majorem
1327 1384 1389 1423 vel
1432 1383 1630 1424 minorem
1668 1386 1904 1437 gravitatem

366 1447 616 1489 descendunt
646 1444 709 1483 vel
730 1441 949 1483 ascendunt
971 1469 982 1487 ‚
1020 1439 1108 1480 sunt
1137 1437 1409 1490 comparative
1440 1437 1480 1476 δε
1508 1450 1742 1491 apparenter
1772 1442 1906 1493 gravia

367 1504 431 1543 vel
459 1500 559 1541 levia
579 1531 588 1543 .
640 1497 681 1538 &
717 1510 861 1538 eorum
891 1495 1060 1549 gravitas
1088 1494 1151 1533 vel
1181 1492 1318 1533 levitas
1345 1493 1684 1545 comparativa&
1715 1506 1907 1547 apparens

365 1558 421 1598 est
463 1553 638 1596 exceffus
678 1552 740 1592 vel
775 1549 954 1592 defectus
993 1561 1076 1601 quo
1110 1561 1203 1599 vera
1237 1558 1380 1586 eorum
1427 1547 1596 1598 gravitas
1643 1548 1705 1588 vel
1750 1549 1906 1601 superat

366 1610 601 1666 gravitatem
635 1617 749 1657 aquae
788 1604 850 1642 vel
874 1603 922 1641 ab
945 1614 993 1641 ea
1019 1603 1234 1652 superatur.
1292 1599 1397 1651 Quae
1421 1612 1519 1640 vero
1549 1613 1624 1640 nec
1657 1613 1906 1653 praegravan-

366 1668 422 1706 do
447 1660 718 1705 descendunt,
746 1669 820 1696 nec
848 1653 1109 1708 praegravanti
1126 1651 1322 1699 {cedendo
1351 1652 1592 1698 ascendunt,
1624 1655 1774 1694 etiamst
1802 1657 1904 1696 veris

365 1720 441 1761 suis
477 1713 723 1771 ponderibus
758 1709 980 1761 adaugeant
1008 1705 1165 1760 pondus
1194 1703 1349 1748 totius,
1398 1705 1671 1757 comparative
1699 1717 1832 1748 tamen
1864 1709 1906 1750 &

368 1767 409 1814 i'n
446 1770 556 1814 sensu
593 1766 702 1818 vulgi
741 1777 823 1804 non
859 1762 1056 1816 gravitant
1093 1760 1135 1800 in
1171 1770 1283 1812 aqua.
1347 1756 1451 1798 Nam
1488 1759 1619 1800 fimilis
1664 1761 1720 1801 est
1758 1762 1904 1805 horum

366 1826 541 1869 Casuum
565 1817 880 1864 Demonstratio.
1885 1864 1893 1866 ξ

424 1879 547 1921 Corol.
579 1890 611 1925 7.
642 1873 747 1927 Quae
778 1871 830 1913 de
856 1871 1049 1925 gravitate
1076 1864 1422 1913 demonstrantur,
1446 1866 1636 1909 obtinent
1656 1868 1698 1909 in
1715 1870 1796 1910 aliis
1816 1872 1904 1923 qui-

366 1935 600 1985 buscunque
618 1928 765 1969 viribus
783 1925 1027 1978 centripetis.
1133 1933 1136 1936 '
1166 1961 1173 1966 4

426 1988 548 2028 Cor-ol,
581 1985 614 2024 8.
653 1981 831 2023 Proinde
853 1980 877 2020 fi
903 1979 1094 2020 Medium
1111 2005 1122 2024 ‚
1166 1976 1208 2018 in
1226 1989 1309 2030 quo
1328 1990 1474 2031 corpus
1495 1976 1661 2031 aiiquod
1689 1989 1875 2021 movetur
1892 2009 1904 2028 ,

368 2052 557 2096 urgeatur
591 2038 652 2079 vel
690 2050 711 2076 a
749 2035 939 2089 gravitate
977 2032 1168 2087 propria,
1205 2032 1268 2071 vei
1295 2031 1342 2072 ab
1372 2033 1444 2072 alia
1473 2044 1712 2086 quacunque
1741 2033 1780 2073 vi
1807 2047 1903 2075 cen-

371 2099 538 2149 tripeta‚
567 2094 607 2134 δε
635 2103 780 2144 corpus
803 2090 851 2130 ab
881 2089 1023 2129 eadem
1040 2087 1079 2127 vi
1105 2095 1293 2139 urgeatur
1320 2085 1483 2127 fortius:
1515 2084 1741 2127 differentia
1757 2089 1901 2129 virium

372 2150 429 2192 est
449 2151 505 2190 vis
525 2149 588 2188 illa
614 2145 787 2188 motrix,
817 2156 938 2197 quam
963 2143 1006 2183 in
1031 2140 1352 2195 praecedentibus
1380 2139 1723 2192 Propofitionibus
1751 2151 1800 2181 ut*
1817 2142 1903 2183 vim

375 2204 640 2256 centripetam
665 2198 1012 2246 confideravimm.
1066 2196 1136 2235 Sin
1164 2207 1309 2247 corpus
1338 2209 1359 2235 a
1387 2197 1426 2243 ‚Vi
1455 2196 1519 2236 illa
1544 2203 1732 2248 urgeatur
1759 2196 1906 2244 levius,

378 2256 604 2300 differentia
623 2254 766 2294 virium
783 2266 858 2307 pro
877 2253 916 2293 vi
936 2248 1160 2302 centrifuga
1179 2247 1315 2289 haberi
1333 2249 1468 2291 debet.

379 2328 381 2330 ’
433 2312 621 2359 Cor0l29.
683 2308 791 2348 Cum
834 2317 968 2347 autem
1014 2304 1139 2345 fluida
1175 2304 1403 2356 premendo
1434 2317 1604 2359 corpora
1641 2304 1789 2345 inclusa
1824 2316 1908 2345 non

382 2376 539 2431 mutent
570 2375 711 2405 eorum
740 2362 901 2417 Figuras
929 2369 1111 2403 externas
1133 2386 1145 2406 ,
1188 2367 1298 2411 patet
1327 2358 1484 2414 insuper
1501 2388 1513 2408 ,
1542 2372 1613 2414 per
1637 2358 1908 2452 Corollalgium

1827 2422 1911 2465 rop.
