2079 3033
391 186 469 227 344
695 162 1188 213 PHILOSOPHIAE
1243 163 1646 209 NATURALie

182 257 236 305 DE
265 249 361 289 Μὸτυ
388 267 451 298 ως
480 255 544 296 iiie
571 253 739 294 celerius
765 250 1049 305 propagabitur
1074 262 1146 304 per
1185 248 1312 289 solum
1348 260 1481 289 aerem
1517 261 1656 289 verum
1684 265 1695 295 3
1734 251 1856 307 idque
1879 252 1920 294 in

185 300 370 333 cognonen,
392 309 661 362 subduplicata
691 306 846 347 ratione
876 305 1040 346 minoris
1067 303 1255 345 materiae.
1318 301 1374 342 Ut
1405 302 1432 342 fi
1461 303 1738 356 Atmosphaera
1769 307 1922 348 constet

394 380 443 407 ex
461 365 603 405 decem
622 359 914 414 partibus-aeris
931 360 1016 400 veri
1035 359 1075 399 δε
1098 371 1175 398 una
1192 366 1304 412 parte
1322 369 1515 410 vaporum
1536 386 1548 404 ‚
1584 367 1718 398 motus
1735 358 1923 402 sonorum

394 418 562 461 celerior
580 417 654 456 erit
674 416 715 455 in
735 414 1008 467 subdupiicata
1024 413 1179 454 ratione
1195 426 1241 451 *11
1259 411 1310 452 ad
1330 425 1377 451 10
1395 440 1406 458 ‚
1451 412 1511 451 v-el
1529 412 1570 452 in
1589 412 1744 465 integra
1762 413 1922 455 circiter

394 474 549 515 ratione
569 484 614 510 21
637 469 688 510 ad
706 483 780 516 20,
796 480 917 523 quam
939 468 967 508 fi
985 476 1363 522 propagareturper
1382 465 1571 506 undecim
1589 476 1719 520 partes
1740 467 1839 508 aeris
1858 481 1927 509 ve·-

393 528 445 568 ri:
475 526 570 566 ideo
603 537 651 564 ue
670 533 802 564 motus
821 523 1009 563 sonorum
1028 523 1140 574 supra
1161 521 1367 566 inventus,
1393 520 1598 573 augendus
1621 522 1696 561 erit
1716 520 1757 561 in
1774 521 1846 561 hac
1866 535 1927 562 ra-

392 581 516 621 tione.
574 537 672 633 {Quo
691 578 806 633 pac'io
826 577 943 618 sonus
963 607 975 625 ‚
1010 587 1194 630 tempore
1213 574 1358 615 minuti
1384 577 1498 614 unius
1519 574 1681 616 secundi
1699 603 1711 622 ‚
1733 575 1928 617 conficiet

391 634 514 689 pedes
537 647 650 685 1142.
842 665 846 669 .

448 688 555 729 Haec
573 688 627 727 ita
654 687 692 728 se
713 686 858 728 habere
883 684 1031 726 debent
1060 694 1244 738 tempore
1270 694 1395 723 verno
1422 681 1463 721 &
1489 683 1704 723 autumnali
1726 716 1735 729 ‚
1774 682 1841 723 ubi
1862 696 1929 724 aer

393 756 463 797 per
493 743 668 783 calorem
693 751 961 794 temperatum
987 739 1145 780 rarescit
1167 738 1207 778 δε
1234 736 1315 790 ejus
1345 736 1400 776 vis
1419 736 1572 777 elastica
1592 736 1771 778 nonnihil
1797 738 1930 779 inten-

336 843 339 844 ⁷
391 798 512 838 ditur.
568 797 625 839 At
652 795 832 848 hyberno
862 804 1046 847 tempore
1063 823 1074 841 ‚
1110 792 1178 833 ubi
1205 804 1271 831 aer
1298 802 1368 843 per
1395 789 1519 841 frigus
1551 791 1844 838 condensatur,
1888 792 1931 832 &

392 852 473 903 ejus
493 851 550 891 vis
570 848 722 890 elastica
741 848 982 894 remittitur,
1011 857 1143 887 motus
1161 846 1349 885 sonorum
1373 843 1525 883 tardior
1545 843 1621 884 effe
1643 844 1764 884 debet
1782 845 1823 884 in
1841 845 1929 886 sub-

392 905 596 958 dupiicata
613 905 768 944 ratione
790 901 991 942 densitatis
1005 918 1015 947 ;
1031 901 1071 940 δε
1089 897 1258 940 viciffim
1277 896 1412 937 aestivo
1437 906 1621 951 tempore
1641 897 1761 938 debet
1774 896 1851 939 esse
1861 911 1931 940 ve-

393 960 534 1000 locior.
1337 989 1340 991 Α

443 1012 609 1054 Constat
627 1019 760 1051 autem
777 1021 847 1063 per
876 1008 1149 1062 experimenta
1175 1005 1287 1061 quod
1311 1005 1396 1045 soni
1430 1015 1616 1061 tempore
1651 1005 1796 1049 minuti
1815 1007 1930 1051 unius

391 1065 554 1109 fecundi
573 1065 731 1112 eundo,
756 1063 975 1104 conficiunt
994 1062 1116 1116 pedes
1136 1061 1398 1113 Londinenses
1417 1061 1503 1113 pius
1531 1062 1661 1103 minus
1689 1075 1786 1114 1142
1803 1091 1815 1110 ,
1844 1063 1929 1103 Pa-

392 1122 566 1174 ristenstas
586 1132 684 1160 vero
707 1132 819 1167 1070.
1977 1126 1980 1129 ⁴

442 1174 620 1228 Cognita
637 1174 824 1214 sonorum
856 1172 1070 1213 velocitate
1087 1171 1342 1212 innotescunt
1367 1173 1486 1213 etiam
1517 1170 1717 1212 intervalia
1736 1169 1930 1223 pulsuum.

385 1230 539 1271 Invenit
566 1229 705 1281 utique
734 1227 796 1267 Ἰ).
815 1225 999 1266 sauvenr
1027 1226 1161 1278 (factis
1191 1239 1212 1265 a
1238 1225 1276 1266 se
1314 1225 1627 1280 experimentis)
1666 1224 1779 1278 quod
1805 1224 1930 1266 fistuia

384 1293 539 1338 aperta,
568 1282 677 1334 cujus
703 1281 915 1334 longitudo
943 1280 998 1320 est
1017 1280 1167 1333 pedum
1189 1280 1462 1332 Paristenstum
1481 1281 1565 1333 plus
1586 1278 1716 1318 minus
1737 1278 1930 1332 quinque,

387 1339 528 1379 sonum
567 1336 652 1377 edit
678 1336 852 1389 ejusdem
890 1335 976 1374 toni
1006 1347 1100 1375 cum
1126 1334 1224 1373 sono
1250 1333 1414 1374 chordae
1444 1347 1534 1387 quae
1570 1341 1753 1386 temp-ore
1788 1333 1932 1374 minuti

387 1393 505 1434 unius
534 1390 693 1432 secundi
721 1390 873 1430 centies
901 1389 1081 1428 recurrit.
1139 1387 1240 1427 Sunt
1269 1387 1390 1440 igitur
1411 1389 1542 1441 pulsus
1576 1387 1662 1440 plus
1691 1387 1819 1427 minus
1838 1400 1934 1428 cen-

392 1456 479 1486 tum
509 1446 550 1485 in
578 1445 702 1497 spatio
728 1444 876 1494 pedum
917 1441 1098 1495 Parifi'en
1114 1456 1190 1481 mm
1213 1455 1312 1492 1070
1334 1474 1343 1487 ‚
1374 1455 1474 1496 quos
1498 1442 1618 1483 sonus
1645 1452 1829 1495 tempore
1855 1442 1930 1483 mi-

386 1500 473 1541 nuti
494 1499 608 1540 unius
628 1498 788 1539 secundi
811 1497 1008 1550 percurrit
1031 1514 1041 1543 ;
1073 1496 1259 1551 adeoque
1279 1496 1409 1550 pulsus
1432 1509 1534 1538 unus
1563 1505 1734 1549 occupat
1762 1496 1930 1548 spatium

383 1554 534 1608 pedum
572 1550 846 1604 ‘Paristesrffam
882 1550 988 1606 quafi
1025 1561 1137 1604 1053,
1175 1551 1216 1591 id
1247 1551 1336 1597 est,
1374 1551 1535 1604 duplam
1566 1550 1727 1591 circiter
1753 1551 1930 1603 longitu-

386 1610 525 1650 dinem
544 1606 690 1647 fistulae.
722 1605 841 1645 Unde
864 1605 1072 1645 verisimile
1093 1605 1149 1644 est
1168 1604 1281 1656 quod
1305 1605 1534 1645 latitudines
1551 1604 1750 1655 pulsuum,
1781 1604 1823 1643 in
1843 1617 1931 1644 om-

387 1663 498 1703 nium
516 1670 741 1714 apertarum
760 1660 973 1700 fistularum
991 1658 1093 1697 sonis
1110 1685 1122 1704 ‚
1158 1666 1371 1710 aequentur
1392 1657 1522 1709 duplis
1546 1656 1864 1708 longitudinibus
1881 1657 1926 1697 fi-

392 1717 590 1757 stularum.

447 1770 575 1810 Porro
602 1781 674 1809 cur
701 1766 786 1806 soni
811 1764 981 1806 cessante
1008 1773 1122 1805 motu
1149 1763 1327 1817 eorporis
1354 1764 1489 1804 sonori
1517 1763 1644 1805 statim
1666 1763 1834 1812 cessant,
1860 1778 1930 1806 ne-

392 1837 472 1879 que
496 1823 644 1864 diutius
665 1821 882 1861 audiuntur
902 1819 968 1858 ubi
1003 1818 1226 1872 longissime
1244 1818 1436 1858 distamus
1465 1831 1484 1857 a
1498 1818 1739 1871 corporibus
1757 1819 1931 1867 sonoris,

391 1890 510 1933 quam
550 1890 643 1918 cum
680 1875 864 1927 prox-ime
902 1872 1082 1913 absumus
1104 1901 1114 1918 ‚
1152 1880 1260 1926 patet
1298 1885 1351 1911 ex
1385 1872 1611 1912 Corollario
1641 1872 1928 1925 Propofitionis

393 1946 520 1974 XLvn
542 1931 657 1972 Libri
677 1928 804 1978 hujus.
860 1925 937 1967 Sed
962 1927 1000 1965 ἃ
1024 1940 1095 1967 cur
1126 1927 1210 1966 soni
1230 1926 1269 1965 in
1290 1924 1419 1966 Tubis
1438 1925 1797 1980 stenterophonicis
1815 1927 1928 1969 valde

393 1995 589 2040 augentur
609 2015 621 2032 ‚
657 1997 709 2025 ex
728 1982 849 2022 anatis
878 1981 1080 2034 principiis
1107 1978 1358 2020 manifestum
1382 1979 1453 2020 est.
1509 1980 1652 2022 Motus
1672 1981 1779 2022 enim
1799 1983 1928 2022 omnis

393 2044 622 2092 reciprocus
645 2037 803 2090 singulis
821 2034 1039 2076 recursibus
1067 2049 1088 2075 a
1121 2035 1235 2075 causa
1264 2042 1480 2086 generante
1500 2036 1636 2089 augeri
1665 2035 1774 2076 solet.
1831 2035 1928 2076 Mo-

395 2106 458 2135 tus
483 2105 615 2134 autem
640 2093 682 2133 in
708 2089 838 2132 Tubis
866 2088 1141 2130 dilatationem
1176 2089 1366 2128 sonorum
1399 2087 1708 2142 impedientibus
1729 2119 1741 2137 ,
1777 2090 1927 2130 tardius

393 2149 566 2190 mittitur
588 2148 628 2187 &
648 2146 791 2186 fortius
813 2144 1002 2190 recurrit,
1029 2143 1071 2184 δε
1089 2152 1302 2197 propterea
1322 2153 1344 2181 a
1362 2153 1475 2183 motu
1494 2156 1603 2184 novo
1617 2144 1777 2196 ‘singulis
1794 2157 1931 2184 recur-

396 2203 496 2297 gbus
516 2200 723 2254 impresso,
751 2199 874 2252 magis
896 2207 1074 2253 augetur.
1133 2197 1187 2239 Et
1208 2197 1293 2239 haec
1322 2195 1409 2238 sunt
1437 2197 1637 2253 praecipua
1663 2197 1932 2241 Phaenomena

424 2268 617 2300 cnorum,

1609 2416 1943 2460 SECTIO
