2079 3033
374 159 723 204 PRINCIPIA
751 157 1333 204 MATHEMATICA.·
1540 164 1616 216 '441

131 240 248 282 Idem
286 241 487 296 colligitur
524 256 575 284 ex
612 252 823 285 curvatura
859 243 935 283 viae
971 242 1248 284 Cometarum.
1315 241 1495 295 Pergunt
1533 242 1618 285 haec

77 306 247 349 corpora
273 297 569 350 propemodum
598 298 639 339 in
666 298 824 339 circulis
851 296 1032 338 maximis
1058 297 1250 350 quamdiu
1269 306 1484 337 moventur
1512 297 1617 338 cele—

21 381 25 383 -
78 350 182 397 rius;
220 359 260 390 at
286 350 328 390 in
356 351 434 393 fine
462 351 596 393 cursus
614 381 626 400 ‚
662 352 730 393 ubi
758 361 891 393 motus
919 351 1143 404 apparentis
1173 364 1259 405 pars
1288 351 1350 392 illa
1379 363 1469 406 quae
1499 351 1520 390 a
1549 364 1617 404 pa«

70 404 213 445 rallaxi
241 405 388 452 oritur,
425 404 616 458 majorem
643 406 764 448 habet
788 406 1096 460 proportionem
1124 406 1172 446 ad
1205 415 1362 446 motum
1391 415 1522 446 totum
1550 419 1617 459 ap—

79 468 309 513 parentem,
348 459 566 501 deflefiere
591 461 719 501 solent
746 461 793 501 ab
819 460 878 501 his
904 459 1086 506 circulis,
1117 460 1157 499 ἃ
1190 460 1348 514 quoties
1374 460 1505 500 Terra
1531 473 1618 500 mo-

81 523 197 553 vetur
223 513 264 553 in
293 526 412 554 unam
438 525 591 568 partem
611 543 621 561 ,
668 514 775 555 abire
803 514 844 555 in
872 525 1027 568 partem
1055 516 1308 555 contrariam.
1364 513 1505 555 Oritur
1532 514 1619 555 haec

79 566 260 608 deflexio
296 568 470 608 maxime
508 582 560 609 ex
588 569 773 609 Par-allaxi
795 598 808 615 ,
852 578 1065 622 propterea
1103 569 1216 621 quod
1245 569 1459 621 respondet
1487 570 1617 610 motui

79 620 249 668 Terrae;
276 622 318 661 ἃ
343 620 502 673 insignis
531 622 613 673 ejus
632 625 852 674 quantitas,
885 635 979 662 meo
998 632 1216 676 computo,
1244 622 1460 664 collocavit
1489 622 1618 676 dispa-

77 685 211 717 rentes
248 674 438 715 Cometas
482 673 570 714 satis
612 674 733 726 longe
768 674 867 714 infra
895 675 1052 726 Jovem.
1117 676 1237 718 Unde
1277 677 1524 729 consequens
1562 677 1619 718 est

78 728 269 781 quodin
296 727 483 781 Perigaeis
513 727 554 768 &
585 727 818 776 Periheliis,
861 727 929 767 ubi
956 729 1119 780 propius
1147 731 1287 771 adsunt
1307 759 1318 778 ,
1365 731 1615 773 descendunt

78 782 217 837 saepius
235 780 338 823 infra
355 781 472 823 orbes
490 781 637 823 Martis
658 780 952 823 &inferiorum
973 781 1237 825 planetarum.

136 875 412 925 Confirmatur
446 884 570 925 etiam
604 884 880 938 propinquitas
915 883 1180 926 Cometarum
1216 897 1268 927 ex
1304 885 1392 927 luce
1428 888 1616 940 capitum,

83 938 189 979 Nam
229 939 411 992 corporis
449 936 621 979 coelestis
659 953 679 979 a
706 938 799 979 Sole
832 938 1009 979 illustrati
1037 938 1078 977 &
1106 939 1146 978 in
1172 940 1359 992 regiones
1386 941 1623 994 longinquas

1641 239 1688 268 Li
1707 239 1825 281 izi-:iq

1644 278 1824 307 Teu-‘rma

82 991 290 1040 abeuntis,
334 992 573 1034 diminuitur
599 992 787 1047 splendor
813 994 853 1033 in
883 992 1182 1047 quadruplicata
1214 994 1368 1034 ratione
1398 994 1624 1037 distantiae:
1673 995 1679 1002 ”

81 1045 124 1086 in
172 1046 371 1100 duplicata
413 1047 570 1087 ratione
616 1046 802 1087 videlicet
846 1047 899 1086 ob
936 1046 1090 1087 auriam
1127 1047 1309 1100 corporis
1342 1047 1565 1091 distantiam
1605 1065 1628 1092 a

83 1098 176 1140 Sole
193 1129 204 1147 ,
241 1100 284 1140 ἅτ
309 1101 352 1141 in
381 1101 454 1141 alia
482 1100 682 1154 duplicata
714 1101 869 1141 ratione
895 1100 948 1141 ob
974 1099 1212 1141 diminutam
1242 1101 1481 1143 diametrum
1509 1117 1629 1157 appa-

83 1164 255 1194 rentem.
323 1153 444 1195 Unde
478 1154 507 1194 fi
543 1154 663 1195 detur
700 1154 742 1194 &
778 1155 876 1195 lucis
914 1155 1111 1207 quantitas
1141 1154 1181 1194 δι
1211 1168 1400 1208 apparens
1430 1157 1640 1200 diameter

83 1206 271 1248 Cometae
294 1237 306 1255 ,
341 1208 501 1249 dabitur
526 1207 705 1249 distantia
726 1237 737 1256 ‚
773 1208 952 1250 dicendo
976 1208 1088 1262 quod
1118 1208 1297 1249 distantia
1325 1210 1370 1249 fit
1404 1211 1452 1250 ad
1482 1211 1628 1254 distan-

82 1261 181 1302 tiam
207 1261 405 1310 Planetae,
433 1262 474 1303 in
500 1263 656 1304 ratione
681 1262 867 1304 diametri
898 1262 948 1303 ad
975 1263 1215 1303 diametrum
1238 1263 1389 1304 direfie
1409 1265 1450 1304 &
1469 1266 1623 1308 ratione

81 1315 355 1370 subduplicata
397 1317 495 1357 lucis
539 1317 588 1357 ad
633 1317 766 1358 lucem
798 1317 964 1358 inverse.
1028 1318 1093 1358 Sic
1131 1317 1294 1358 minima
1328 1318 1505 1371 capillitii
1539 1319 1626 1361 Co-

79 1378 200 1411 metae
225 1371 314 1410 anni
350 1370 450 1410 1682
476 1370 672 1411 diameter
690 1400 701 1418 ,
741 1383 811 1424 per
840 1371 1009 1412 Tubum
1036 1371 1218 1424 opticum
1246 1371 1450 1412 sexdecim
1476 1374 1626 1425 pedum

79 1437 103 1464 a
131 1424 355 1477 Flamstedio
383 1423 591 1465 observata
619 1425 658 1465 &
688 1425 962 1466 Micrometro
989 1425 1212 1466 mensurata
1229 1455 1240 1472 ,
1287 1425 1468 1479 aequabat
1497 1428 1542 1469 2'.
1572 1429 1627 1470 0⁰.

79 1478 258 1520 Nucleus
285 1488 418 1520 autem
443 1478 512 1519 seu
541 1478 647 1519 stella
672 1480 715 1520 in
744 1479 881 1520 medio
911 1479 1049 1532 capitis
1075 1479 1142 1519 vix
1165 1479 1364 1519 decimam
1391 1491 1544 1531 partem
1573 1483 1628 1522 la-

80 1533 266 1575 titudinis
292 1532 407 1586 hujus
432 1532 654 1586 occupabat
673 1563 685 1581 ‚
730 1533 915 1588 adeoque
952 1534 1028 1573 lata
1068 1542 1151 1573 erat
1179 1543 1334 1574 tantum
1364 1533 1432 1572 11‘'
1457 1535 1520 1575 vel
1547 1536 1628 1578 12‘2

79 1587 196 1629 Luce
223 1600 321 1628 vero
350 1587 392 1627 &
420 1587 597 1627 claritate
624 1588 761 1641 capitis
786 1587 990 1641 superabat
1018 1597 1138 1640 caput
1165 1587 1351 1627 Cometae
1380 1588 1471 1640 anni
1505 1590 1629 1638 1680,

79 1642 283 1696 stellasque
311 1641 450 1695 primae
479 1640 542 1680 vel
570 1641 755 1682 secundae
782 1641 1067 1694 magnitudinis
1096 1641 1366 1681 aemulabatur.
1424 1641 1626 1685 Ponamus

81 1695 296 1737 Saturnum
338 1707 431 1735 cum
470 1695 616 1735 annulo
654 1695 724 1735 suo
758 1695 865 1748 quasi
889 1694 1117 1748 quadruplo
1143 1694 1382 1735 lucidiorem
1410 1695 1548 1738 fuifl'e:
1587 1699 1631 1740 δι’

80 1750 272 1804 quoniam
317 1749 388 1790 lux
433 1748 568 1789 annuli
613 1748 925 1802 propemodum
959 1747 1140 1801 aequabat
1184 1748 1317 1788 lucem
1355 1749 1465 1801 globi
1502 1750 1631 1793 inter-'

80 1804 233 1851 medii,
276 1803 317 1843 &
354 1803 550 1843 diameter
588 1815 781 1854 apparens
820 1802 928 1856 globi
963 1803 1009 1842 fit
1046 1802 1151 1855 quasi
1190 1802 1288 1850 21⁰,
1331 1804 1516 1857 adeoque
1558 1807 1629 1848 lux

82 1857 191 1911 globi
218 1857 260 1896 δε
286 1856 417 1897 annuli
447 1855 692 1907 conjunffim
729 1866 905 1909 aequaret
933 1856 1064 1896 lucem
1099 1855 1240 1909 globi,
1288 1857 1401 1909 cujus
1430 1859 1628 1903 diameter

83 1910 179 1952 esset
202 1910 297 1957 30⁹2
330 1909 406 1949 erit
434 1908 613 1949 distantia
640 1908 826 1949 Cometae
855 1908 1159 1950 adrdistantiam
1187 1910 1347 1951 Saturni
1379 1920 1423 1952 ut
1454 1926 1470 1951 1
1493 1913 1541 1953 ad
1561 1923 1632 1967 1s4

82 1965 238 2006 inverse
256 1993 268 2011 ‚
306 1963 347 2003 δε
380 1962 447 2001 η”
474 1962 524 2002 ad
556 1962 626 2010 30‘'
653 1962 805 2003 direc'te
826 1991 837 2010 ‚
874 1962 916 2003 id
945 1962 1021 2010 est,
1056 1972 1102 2004 ut
1130 1978 1183 2015 24
1208 1964 1259 2005 ad
1290 1979 1340 2014 30
1365 1965 1432 2006 seu
1463 1982 1487 2018 4
1514 1967 1564 2007 ad
1595 1981 1630 2017 5.

82 2019 236 2061 Rursus
263 2018 436 2057 Cometa
463 2016 552 2056 anni
586 2019 685 2066 1665
715 2017 848 2058 mense
880 2018 1046 2070 Aprili,
1082 2027 1126 2058 ut
1151 2019 1295 2059 author
1323 2021 1380 2060 est
1413 2019 1632 2070 Hevelius,

85 2073 263 2114 claritate
288 2072 351 2112 sua
381 2082 484 2123 pene
512 2068 627 2111 Fixas
652 2083 792 2111 omnes
819 2070 1024 2123 superabat
1045 2099 1057 2119 ‚
1093 2072 1312 2125 quinetiam
1342 2073 1469 2126 ipsum
1498 2074 1632 2120 Satur÷

85 2140 182 2169 num
203 2156 215 2174 ‚
250 2125 405 2166 ratione
439 2124 584 2164 coloris
621 2124 808 2165 videlicet
846 2125 966 2177 longe
992 2125 1211 2171 vividioris.
1266 2126 1429 2181 Quippe
1455 2128 1630 2169 lucidior

87 2191 171 2223 erat
198 2181 263 2221 hic
290 2179 463 2219 Cometa
493 2178 618 2219 altero
646 2179 714 2218 illo
734 2208 745 2226 ‚
781 2178 850 2231 qui
880 2178 921 2218 in
949 2179 1027 2220 fine
1053 2181 1144 2221 anni
1173 2181 1439 2233 praecedentis
1465 2195 1632 2236 apparu-

87 2246 172 2277 erat
205 2235 247 2274 &
282 2245 375 2273 cum
410 2232 526 2272 stellis
567 2234 708 2286 primae
746 2231 1032 2284 magnitudinis
1066 2235 1360 2276 conferebatur.
1431 2236 1630 2277 Latitudo

89 2289 263 2343 capillitii
299 2297 382 2328 erat
418 2285 526 2340 quafi
564 2287 598 2326 6'
616 2314 628 2333 ,
670 2297 708 2327 at
736 2288 903 2327 nucleus
934 2300 1026 2329 cum
1054 2288 1227 2331 Planetis
1257 2303 1335 2344 ope
1362 2289 1475 2331 Tubi
1504 2290 1630 2344 optici

89 2345 255 2386 collatus
276 2371 287 2391 ,
331 2342 444 2396 plane
471 2340 602 2382 minor
622 2350 705 2383 erat
729 2340 831 2394 Jove
842 2340 925 2435 ,Κὲἷί
935 2345 1060 2435 lpunc
1089 2344 1222 2386 minor
1249 2357 1422 2399 corpore
1445 2345 1636 2437 intermie-

911 2407 923 2413 ’
949 2407 964 2415 ’
1599 2407 1642 2437 io
