2079 3033
439 152 785 196 PRINCIPIA
840 153 1395 202 MATHEMATICA.
1458 195 1489 202 ..
1649 176 1721 217 293

181 236 364 278 ranorum
384 235 520 289 plena,
549 235 730 289 pondere
746 234 816 275 suo
841 237 1048 280 tendendo
1067 240 1200 289 filum,
1227 242 1394 295 augebat
1421 242 1717 298 longitudinem
1752 250 1881 284 Lini-'x‘

179 291 365 344 penduli,
391 289 674 331 contrahebam
701 288 809 329 filum
840 301 883 331 ut
913 293 1078 342 penduli
1102 294 1185 348 jam
1211 297 1421 338 oscillantis
1447 299 1589 347 eadem
1618 300 1714 343 esset
1735 290 1906 355 Szcuxpuaeg

114 347 118 350 ’
177 345 389 398 longitudo
406 358 451 385 ac
470 346 586 398 prius.
643 342 753 383 Dein
773 344 949 397 pendulo
968 346 1016 387 ad
1036 349 1172 390 locum
1196 351 1328 403 primo
1355 361 1539 406 notatum
1567 364 1714 396 retrac-

177 409 283 449 roae
300 398 478 447 dimisso,
507 397 761 439 numerabam
781 398 1043 442 oscillationes
1062 403 1169 456 quafi
1192 404 1437 459 septuaginta
1466 408 1506 448 ὅτ
1539 408 1719 463 septem&

175 453 306 494 donec
328 454 440 507 pyxis
458 453 505 493 ad
527 453 660 493 locum
679 452 857 493 secundo
885 465 1069 497 notatum
1099 458 1273 507 rediret,
1300 461 1552 517 totidemque
1580 463 1711 506 subin=

172 508 225 548 de
251 508 395 556 donec?
414 506 527 560 pyxis
554 506 603 546 ad
629 507 763 546 locum
792 510 913 548 tertio
940 519 1122 552 notatum
1143 513 1315 562 rediret,
1345 525 1465 569 atque
1487 518 1617 558 rursus
1648 529 1712 560 to-

173 562 298 603 tidem
335 561 468 601 donec
504 560 615 614 pyxis
652 560 787 612 reditu
826 561 896 603 suo
926 564 1140 619 attingeret
1169 568 1304 609 Iocum
1334 581 1532 621 quartum.
1590 571 1712 615 Unde

171 614 374 656 concludo
393 614 504 667 quod
525 613 736 655 resistentia
756 625 840 655 tota
867 618 1026 671 pyxidis
1054 621 1181 672 pienae
1208 634 1291 663 non
1321 624 1512 677 majorem
1542 626 1713 668 habebat

168 669 476 723 proportionem
502 668 552 708 ad
582 667 837 709 resistentiam
867 671 1025 724 pyxidis
1052 686 1188 714 vacuae
1218 688 1337 728 quam
1363 680 1407 727 78
1430 680 1479 719 ad
1501 694 1561 730 77.
1604 681 1710 723 Nam

168 723 196 764 fi
215 723 384 778 aequales
406 721 528 763 essent
554 722 759 763 ambarum
779 723 1030 773 resistentiae,
1061 728 1175 780 pyxis
1194 730 1306 780 plena
1328 732 1385 770 rob
1407 734 1486 773 vim
1515 735 1622 776 suam
1651 736 1711 777 in-

167 777 276 819 sitam
304 777 524 831 septuagies
553 778 595 817 &
623 777 746 818 offles
775 778 968 831 majorem
996 780 1034 820 vi
1055 779 1166 821 insita
1184 783 1341 835 pyxidis
1363 798 1521 834 vacuae,
1550 799 1710 832 motum

163 832 277 874 suum
313 831 595 872 oscillatorium
636 841 748 872 tanto
787 832 936 875 diutius
969 834 1206 877 conservare
1233 836 1421 885 deberet,
1455 850 1575 892 atque
1605 844 1711 885 adeo

163 886 374 940 completis
403 885 558 939 semper
587 885 895 928 osculationibus
917 888 964 937 78
985 890 1036 931 ad
1064 891 1151 931 loca
1169 890 1232 931 illa
1260 893 1570 946 notatayedire.
1627 897 1713 939 Re-

162 941 238 982 diit
257 950 390 981 autem
408 940 455 981 ad
477 940 619 981 eadem
638 940 850 994 completis
868 941 1175 985 oscillationibus
1196 959 1254 995 77.
1707 945 1713 950 ⁴

167 1020 172 1023 .
216 994 409 1049 Defignet
435 995 557 1047 igitur
583 996 625 1036 A
656 994 910 1036 resistentiam
941 998 1098 1053 pyxidis
1126 1001 1167 1040 in
1195 1000 1313 1053 ipsius
1342 1002 1548 1056 superficie
1578 1015 1711 1048 exter-

163 1062 214 1092 na
235 1083 243 1095 ‚
276 1049 316 1089 δε
336 1048 369 1089 Β
391 1049 645 1090 resistentiam
665 1050 823 1103 pyxidis
843 1063 979 1093 vacuae
1006 1053 1050 1094 in
1067 1053 1241 1107 partibus
1265 1055 1457 1109 internis;
1486 1060 1527 1100 &
1557 1059 1585 1100 fi
1614 1061 1707 1102 refi-

162 1104 314 1145 stentiae
345 1115 564 1156 corporum
593 1104 900 1158 aequiveiocium
928 1106 970 1147 in
997 1107 1172 1161 partibus
1204 1109 1369 1151 internis
1397 1111 1470 1153 sint
1502 1123 1544 1153 ut
1583 1126 1708 1156 mate-

159 1159 235 1205 ria,
267 1158 333 1198 seu
363 1170 551 1198 numerus
578 1159 860 1211 particularum
890 1161 1033 1213 quibus
1065 1162 1273 1203 resistitur:
1305 1165 1379 1205 erit
1408 1167 1457 1216 78
1476 1167 1510 1208 Β
1528 1168 1704 1211 resisten-

161 1213 216 1252 tia
243 1211 402 1265 pyxidis
430 1211 558 1262 plenae
587 1212 627 1252 in
655 1211 772 1264 ipsius
799 1213 976 1266 partibus
1000 1216 1164 1260 internis
1187 1230 1195 1257 :
1235 1217 1421 1273 adeoque
1450 1223 1608 1275 pyxidis
1637 1237 1705 1264 va-

158 1278 246 1307 cuae
283 1263 495 1305 resistentia
533 1274 618 1305 tota
645 1266 686 1306 A
704 1280 745 1304 —i-
765 1265 798 1306 Β
828 1269 903 1308 erit
932 1270 982 1309 ad
1011 1270 1166 1324 pyxidis
1198 1272 1325 1324 plenae
1354 1274 1609 1317 resistentiam
1640 1288 1710 1318 to«

159 1330 242 1361 tam
264 1318 415 1368 A÷78
447 1317 479 1358 Β
499 1328 544 1358 ut
567 1319 686 1369 77fad
707 1321 779 1367 78,
807 1320 850 1360 δε
877 1322 1032 1364 divifim
1055 1325 1262 1366 A÷ss-ad
1284 1339 1333 1379 77
1351 1327 1412 1376 Β,
1438 1340 1482 1370 ut
1504 1343 1555 1382 77
1573 1331 1622 1371 ad
1653 1346 1699 1379 1,

158 1374 335 1429 indeque
364 1371 500 1413 A÷B
530 1373 582 1413 ad
610 1372 644 1413 B
673 1382 727 1412 ut·
746 1380 853 1424 77><
872 1388 920 1424 77
947 1376 997 1416 ad
1028 1391 1068 1425 1,
1097 1378 1313 1422 &divisim
1340 1383 1447 1423 Aad
1467 1383 1502 1424 B
1527 1395 1571 1426 ut
1601 1387 1703 1438 5928

158 1430 209 1471 ad
252 1446 282 1471 1.
349 1426 419 1468 Est
456 1426 577 1479 igitur
615 1426 829 1467 resistentia
869 1430 1028 1482 pyxidis
1065 1444 1200 1472 vacuae
1238 1434 1279 1473 in
1317 1436 1494 1487 partibus
1536 1439 1702 1482 internis

159 1483 371 1539 quinquies
398 1481 539 1522 millies
569 1482 701 1522 minor
728 1493 848 1535 quam
868 1482 1044 1535 ejusdem
1062 1485 1275 1526 resistentia
1305 1487 1346 1527 in
1376 1499 1540 1530 externa
1568 1493 1701 1543 super-

158 1539 271 1586 ficie,
303 1538 342 1577 δε
372 1536 549 1589 amplius.
606 1536 673 1575 Sic
700 1548 796 1576 vero
825 1535 1068 1589 disputamus
1095 1552 1147 1580 ex
1173 1540 1402 1594 Hypothefi
1430 1544 1540 1597 quod
1572 1547 1698 1599 major

155 1593 219 1633 illa
248 1590 460 1633 resistentia
488 1588 645 1640 pyxidis
672 1589 821 1639 plenae,
847 1602 927 1629 non
955 1591 1003 1629 ab
1030 1593 1101 1630 alia
1128 1594 1258 1644 aliqua
1283 1596 1395 1636 causa
1425 1598 1572 1640 latente
1596 1603 1698 1642 oria-

156 1656 253 1693 tur,
292 1644 361 1686 sed
392 1642 440 1681 ab
470 1642 628 1682 afflone
647 1640 727 1681 scia
748 1639 879 1682 Fluidi
900 1642 1061 1695 alicujus
1079 1644 1227 1686 subtilis
1244 1647 1286 1687 in
1327 1651 1533 1694 metallum
1553 1655 1698 1698 'inclu-

152 1701 249 1742 sum.

210 1753 308 1795 Hoc
328 1750 652 1805 experimentum
673 1751 836 1792 recitavi
858 1753 1105 1795 memoriter.
1161 1754 1266 1796 Nam
1297 1757 1454 1808 charta,
1482 1761 1521 1801 in
1550 1775 1626 1816 qua
1652 1765 1722 1806 ii·-

151 1810 220 1852 lud
241 1806 453 1862 aliquando
480 1804 784 1859 descripseram,
814 1807 1029 1848 intercidit.
1089 1807 1209 1850 Unde
1237 1810 1375 1854 fraPtas
1403 1815 1593 1868 quasdam
1622 1832 1695 1859 nu-

150 1865 358 1911 merorum
394 1869 551 1913 partes,
588 1872 679 1913 quae
718 1863 912 1901 memoria
942 1862 1181 1903 exciderunt
1200 1893 1224 1910 2.
1250 1867 1440 1909 omittere
1468 1873 1694 1925 compulsus

152 1918 249 1958 sum.
303 1915 409 1955 Nam
427 1913 561 1953 omnia
580 1913 715 1955 denuo
736 1924 888 1955 tentare
907 1929 988 1956 non
1011 1927 1143 1958 vacan
1193 1918 1328 1960 Prima
1357 1922 1470 1971 vice,
1500 1938 1592 1965 cum
1621 1940 1695 1968 un:-

135 1984 204 2012 Δεο
241 1969 410 2011 infirmo*
441 1967 529 2007 usus
559 1966 676 2008 effem
696 1998 713 2016 ‚.
747 1969 860 2023 pyxis
890 1971 1010 2022 plena
1031 1970 1147 2012 citius
1177 1975 1462 2017 retardabatur.
1521 1978 1691 2022 Causam

154 2021 396 2080 quaerendO,
426 2020 561 2074 reperi.
576 2023 686 2076 quod
710 2036 834 2064 uncus
853 2023 1030 2064 infirmus
1053 2025 1222 2067 cedebat
1243 2031 1416 2082 ponderi
1435 2032 1612 2084 pyxidi5‚
1646 2034 1689 2075 δε

153 2080 236 2131 ejus
264 2074 569 2122 oscillationibus
595 2076 855 2132 obsequendo
886 2077 927 2117 in
957 2088 1086 2131 partes
1113 2091 1251 2122 omnes
1271 2082 1518 2126 fleRebatur.
1573 2086 1690 2129 Para-

153 2134 243 2174 bam
272 2128 393 2185 igitur
420 2141 569 2169 uncum
597 2130 777 2178 firmum,
810 2141 854 2171 ut
881 2132 1073 2185 punstum
1090 2134 1348 2188 suspensionis
1375 2138 1589 2183 immotum
1609 2155 1699 2187 mnf-r

152 2195 289 2235 neret,
318 2185 356 2228 ἃ
379 2195 475 2227 tunc
498 2183 630 2227 omnia
645 2185 700 2228 ita
721 2196 941 2229 evenerunt
962 2187 1021 2230 uti
1040 2187 1152 2242 supra
1171 2189 1458 2245 descripsimus,

886 2469 930 2512 ὓ
945 2482 975 2511 o·
1004 2472 1029 2521 εἰ
1491 2472 1701 2518 §ECHO
