2079 3033
585 135 1294 183 PRAEFATIOr

157 221 306 270 surdi,
349 220 470 262 unde
508 220 632 260 totius
667 217 833 260 tandem
870 218 1136 273 Philosophiae
1181 220 1442 263 fundamenta
1479 224 1703 265 convellan-

162 287 245 320 tur.
302 274 465 317 Etenim
500 273 624 314 causae
653 272 860 314 (continuo
896 285 1003 314 nexu
1041 275 1265 327 procedere
1299 276 1427 317 solent
1453 290 1473 317 a
1508 279 1705 331 composi-

161 332 219 371 tis
252 330 302 371 ad
330 328 593 382 simpliciora:
633 327 701 368 ubi
720 326 779 368 'ad
807 327 961 368 causam
986 327 1306 381 fimpliciffimam
1333 331 1560 384 perveneris
1578 361 1589 379 ‚
1622 332 1703 384 jam

167 398 250 425 non
288 384 420 425 licebit
462 382 627 422 ulterius
662 382 866 435 progredi.
941 379 1080 422 Causae
1115 383 1238 435 igitur
1272 384 1562 439 fimpliciffimae
1598 387 1704 427 nulla

154 439 249 480 dari
294 435 424 491 potest
460 436 688 476 mechanica
726 436 968 489 explicatio:
1007 435 1037 477 fi
1075 436 1236 478 daretur
1269 441 1406 486 enim,
1451 440 1564 480 causa
1601 453 1704 481 non-

163 493 259 534 dum
288 490 381 532 esset
408 490 695 543 simplicissima.
762 490 849 531 Has
878 501 923 531 tu
949 491 1120 544 proinde
1147 492 1278 533 causas
1309 493 1608 548 simplicissimas
1636 507 1703 548 ap-

159 546 324 601 pellabis
361 546 536 586 occultas
560 579 569 592 ‚
619 546 660 585 &
698 545 857 586 exulare
889 545 1076 598 jubebis?
1117 546 1229 587 simul
1267 561 1365 588 vero
1405 548 1622 589 exulabunt
1661 550 1721 590 &-

159 601 208 641 ab
245 600 303 641 his
340 600 524 654 proxime
561 599 784 652 pendentes
820 600 865 640 δε
900 613 991 653 quae
1029 600 1078 640 ab
1113 602 1186 641 illis
1221 614 1346 654 porro
1375 603 1585 656 pendent,
1642 605 1703 644 us·-

152 654 371 750 fluesdum
404 669 427 695 a
464 654 586 695 causis
615 653 805 695 omnibus
843 654 1114 696 vacua'fuerit
1145 656 1185 696 ἃ
1215 657 1342 708 probe
1370 668 1535 710 purgata
1565 657 1702 698 Philo-

147 722 196 749 „0
255 722 301 750 ia.

198 721 312 804 {unt
341 763 411 818 qui
431 761 684 803 Gravitatem
712 771 858 817 praeter
885 771 1067 803 naturam
1096 762 1173 803 effe
1197 763 1369 811 dicunt,
1389 765 1431 804 δε
1454 764 1699 808 Miraculum

151 828 395 873 perpetuum
421 827 578 859 vocant.
633 817 771 871 Itaque
800 816 1058 868 rejiciendam
1087 816 1165 857 effe
1190 819 1330 859 volunt
1348 832 1496 864 ‚mcum
1525 819 1567 859 in
1593 820 1699 873 Phy-

149 873 228 913 rfica
273 873 616 927 praeternaturales
663 873 788 913 causae
834 872 977 916 locum.
1016 885 1099 913 non
1144 872 1325 913 habeant.
1391 871 1505 914 Huic
1551 874 1699 927 ineptae

153 928 312 980 prorsus
351 926 564 979 objeftioni
605 927 838 974 diluendae,
884 940 976 981 quae
1018 926 1059 967 &
1095 926 1174 980 ipsa
1211 927 1507 981 Philosophiam
1548 927 1700 968 subruit

153 980 374 1023 universam
394 1011 405 1029 ,
450 981 517 1022 vix
548 994 683 1035 operae
711 982 884 1036 pretium
917 982 972 1022 est
1000 981 1219 1022 immorari.
1277 981 1356 1024 Vel
1381 983 1489 1023 enim
1516 981 1705 1023 Gravita-

153 1046 238 1076 tem
265 1035 501 1090 corporibus
528 1037 712 1076 omnibus
738 1036 908 1077 inditam
941 1035 1018 1076 effe
1045 1035 1249 1089 negabunt
1270 1065 1282 1083 ,
1321 1037 1432 1090 quod
1464 1047 1598 1077 tamen
1620 1037 1701 1078 dic-i

153 1103 235 1131 non
264 1090 420 1142 potest:
451 1090 515 1130 vel
543 1104 595 1131 eo
618 1091 780 1131 nomine
809 1100 955 1144 praeter
972 1100 1155 1131 naturam
1177 1090 1255 1131 esse
1274 1090 1555 1138 affirmabunt,
1585 1093 1698 1144 quod

148 1157 204 1185 ex
229 1145 310 1186 aliis
339 1157 557 1198 corporum
588 1144 862 1185 aflefiionibus
881 1155 1001 1199 atque
1018 1144 1122 1185 adeo
1142 1157 1194 1186 ex
1213 1145 1335 1186 causis
1352 1145 1604 1186 Mechanicis
1623 1146 1703 1187 ori-

152 1199 288 1252 ginem
315 1212 397 1241 non
427 1198 579 1241 habeat.
637 1197 795 1240 Dantur
820 1209 931 1240 certe
959 1199 1157 1253 primariae
1187 1211 1404 1252 corporum
1436 1199 1666 1240 affectiones
1688 1222 1699 1246 ;

152 1266 243 1307 quae
264 1287 273 1300 ,
321 1253 512 1309 quoniam
547 1254 634 1296 sunt
661 1253 887 1307 primariae,
933 1266 1015 1295 non
1050 1253 1229 1308 pendent
1262 1254 1310 1295 ab
1348 1254 1442 1295 aliis.
1508 1253 1700 1295 Viderint

152 1308 275 1360 igitur
302 1321 435 1350 annon
462 1308 503 1348 δε
531 1307 592 1349 hae
622 1321 764 1349 omnes
792 1308 865 1349 sint
894 1308 1042 1363 parit-er
1070 1318 1216 1361 praeter
1235 1319 1441 1355 naturam,
1472 1321 1604 1359 eoque
1631 1321 1698 1362 pa-

148 1363 251 1457 ‘rifi-er
288 1362 546 1417 rejiciendae:
589 1362 766 1405 viderint
800 1375 900 1404 vero
932 1363 1061 1417 qualis
1095 1362 1142 1404 fit
1172 1363 1322 1405 deinde
1356 1363 1492 1404 futura
1522 1362 1702 1403 Philoso—

206 1430 253 1457 1a.

150 1429 175 1470 p
209 1471 401 1512 Nonnulli
431 1474 519 1514 sunt
547 1471 691 1526 quibus
729 1472 817 1511 haec
846 1480 932 1511 tota
959 1470 1123 1523 Physica
1148 1471 1322 1511 coelestis
1348 1472 1412 1511 vel
1441 1470 1536 1511 ideo
1566 1470 1697 1511 minus

149 1526 283 1578 placet
304 1554 316 1570 ,
360 1527 472 1579 quod
510 1539 602 1566 cum
625 1522 796 1575 ‘Carttfii
831 1522 1088 1575 dogmatibus
1122 1535 1300 1575 pugnare
1332 1525 1372 1564 δε
1397 1525 1463 1564 vix
1490 1524 1695 1565 conciliari

146 1575 261 1632 posse
298 1578 492 1619 videatur.
549 1577 629 1617 His
664 1578 731 1616 sua
768 1575 905 1615 licebit
942 1576 1135 1626 opinione
1170 1577 1273 1622 frui3
1310 1590 1365 1617 ex
1398 1590 1522 1631 raequo
1559 1588 1694 1620 autem

149 1642 267 1685 agant
311 1641 500 1684 oportet:
559 1642 641 1670 non
688 1640 788 1682 ergo
834 1627 1092 1681 denegabunt
1138 1629 1220 1669 aliis
1257 1630 1426 1671 eandem
1465 1630 1692 1673 libertatem

150 1698 272 1740 quam
293 1684 360 1725 sibi
381 1683 550 1725 concedi
563 1682 774 1737 postulant.
801 1681 1207 1724 NEwToNLANAM
1225 1683 1360 1736 itaque
1373 1685 1691 1739 Philosophiam,

144 1753 240 1794 quae
269 1739 384 1780 nobis
409 1739 544 1780 verior
570 1737 738 1779 habetur
755 1766 766 1785 ‚
804 1737 978 1778 retinere
1007 1737 1048 1777 δε
1075 1737 1257 1792 εωρΙεὲὶί
1284 1739 1422 1780 licebit
1440 1769 1451 1787 ,
1489 1740 1530 1780 δε
1561 1739 1691 1780 causas

148 1794 259 1848 sequi
285 1807 357 1848 per
376 1794 648 1840 Phaenomena
674 1792 975 1845 comprobatam,
1003 1793 1137 1845 potius
1164 1805 1283 1846 quam
1303 1793 1410 1834 licias
1439 1794 1480 1834 δε
1508 1794 1693 1835 nondum

149 1848 444 1902 comprobatas.
511 1847 578 1888 Ad
616 1859 749 1888 veram
781 1846 1077 1901 Philosophiam
1114 1848 1319 1901 pertinet,
1362 1861 1497 1889 rerum
1533 1858 1693 1890 naturas

151 1917 204 1944 ex
231 1902 352 1943 caulis
378 1916 473 1944 vere
503 1901 760 1943 existentibus
788 1900 999 1942 derivare:
1031 1915 1094 1942 eas
1112 1914 1209 1942 vero
1230 1902 1335 1956 leg-es
1354 1915 1536 1956 quaerere
1556 1933 1567 1950 ‚
1603 1904 1693 1956 qui·
1721 1934 1722 1937 η

148 1958 222 1999 bus
257 1957 383 1997 voluit
418 1958 603 1999 Summus
640 1955 794 2009 Opifex
830 1955 936 1996 hunc
974 1954 1126 1997 Mundi
1162 1957 1475 2009 pulcherrimum
1506 1957 1692 1998 ordinem

151 2011 341 2059 stabilire3
372 2025 454 2053 non
482 2025 544 2052 eas
571 2011 715 2065 quibus
743 2010 897 2064 potuit,
925 2009 954 2050 fi
971 2010 1025 2051 ita
1045 2010 1170 2051 visum
1190 2009 1332 2051 fuisset.
1389 2011 1556 2051 Rationi
1582 2012 1690 2053 enim

149 2066 373 2107 consonum
404 2066 479 2113 est,
508 2075 552 2106 ut
581 2079 602 2105 a
627 2064 804 2119 pluribus
833 2063 972 2111 caufis,
1010 2065 1057 2106 ab
1084 2065 1258 2105 invicem
1287 2066 1465 2107 nonnihil
1495 2065 1687 2112 diverfis,

151 2121 261 2161 idern
290 2119 408 2173 poffit
436 2119 612 2161 Effefius
640 2119 862 2172 proficisci:
896 2119 981 2159 haec
1007 2130 1141 2160 autem
1167 2133 1256 2160 vera
1284 2120 1359 2160 erit
1379 2119 1511 2166 causa,
1542 2133 1594 2160 ex
1610 2133 1688 2173 qua

151 2188 248 2215 vere
274 2184 394 2228 atque
421 2175 508 2216 acin
537 2174 822 2229 pi‘oficiscitur3
859 2174 1021 2228 reliquae
1047 2175 1182 2215 locum
1209 2187 1290 2213 non
1318 2174 1463 2215 habent
1490 2174 1528 2214 in
1555 2174 1692 2214 Philo-=

155 2229 289 2282 sophia
328 2243 431 2270 vera.
487 2230 530 2270 In
568 2228 807 2282 Horologiis
845 2230 1055 2269 automatis
1090 2229 1201 2270 idem
1239 2228 1385 2269 indicis
1422 2229 1567 2269 horarii
1605 2241 1690 2268 mo-

156 2293 219 2328 tus
244 2284 307 2323 vel
336 2284 383 2324 ab
413 2283 584 2338 appenso
607 2283 794 2324 Pondere
816 2285 878 2324 vel
896 2283 943 2324 ab
973 2284 1079 2325 intus
1106 2283 1295 2323 concluso
1316 2283 1476 2323 Blatere
1496 2282 1591 2323 oriri
1619 2295 1691 2334 po·-

155 2336 243 2379 test.
297 2338 424 2391 Quod
448 2340 476 2380 fi
502 2338 680 2381 oblatum
699 2337 975 2392 Horologium
1002 2352 1140 2380 revera
1162 2337 1206 2379 fit
1226 2337 1458 2380 insti-uelum
1482 2336 1694 2430 Pondgrez

919 2406 942 2434 c
971 2407 994 2432 2
1069 2407 1072 2409 ’
1508 2403 1593 2432 rioe
1625 2401 1704 2431 itur
