2079 3033
523 140 858 185 TERTII
914 142 1323 186 ORDINIS.
1657 157 1705 197 91

157 232 266 265 terea
294 222 534 265 diametrum
563 223 682 266 habet
710 237 799 281 quae
828 224 884 267 est
913 223 1085 268 Absciffa
1117 224 1194 267 AB
1225 225 1333 280 (Fig.
1354 225 1432 278 64.)
1463 223 1517 266 Et
1543 223 1628 268 haec
1647 226 1702 268 est

156 277 310 333 Species
316 279 568 334 fixageslma.

418 945 492 977 10.
533 927 610 976 De
631 925 771 976 tribus
796 911 1151 995 Hyperbolffmis
1174 926 1400 996 Ellipfi’os.

186 1047 521 1102 Hyperbolismus
548 1045 740 1100 Ellipseos
765 1058 836 1100 per
864 1046 965 1087 hanc
994 1047 1263 1101 aequationem
1290 1044 1482 1086 definitur
1509 1055 1674 1098 ,νγ-Ην

131 1102 348 1150 :cx÷d‚
380 1102 421 1142 ὅτ
442 1102 600 1143 unicam
620 1101 738 1141 habet
758 1100 1031 1155 Asymptoton
1052 1114 1142 1155 quae
1160 1102 1215 1142 est
1236 1100 1430 1141 Ordinata
1449 1102 1676 1156 principalis

131 1157 200 1197 Ad
233 1156 338 1212 (Fig.
359 1157 440 1207 65.)
480 1156 519 1197 Si
548 1156 739 1196 terminus
768 1169 809 1208 ejy
834 1168 915 1196 non
944 1155 1076 1203 deest,
1106 1156 1229 1208 figura
1250 1154 1306 1195 est
1329 1154 1565 1207 Hyperbola
1591 1158 1679 1197 An·

129 1210 273 1263 guinea
301 1212 381 1252 fine
411 1211 610 1251 diametro
631 1238 642 1257 ,
689 1219 812 1263 atque
840 1209 960 1250 etiam
986 1209 1065 1251 fine
1092 1220 1236 1251 centro
1264 1209 1291 1250 s1
1320 1209 1514 1250 terminus
1542 1211 1571 1251 α’
1594 1223 1678 1252 non

129 1264 251 1307 deest.
307 1266 412 1320 Quae
433 1265 587 1319 Species
602 1264 659 1306 est
668 1263 906 1318 sexagefima
919 1265 1066 1318 prima.

184 1321 242 1360 At
282 1320 309 1360 fi
346 1322 542 1361 terminus
572 1319 599 1359 d
632 1318 770 1365 deest,
815 1317 939 1371 figura
970 1318 1087 1359 habet
1116 1328 1304 1359 centrum
1334 1318 1413 1360 fine
1442 1317 1641 1360 diametro
1660 1348 1673 1366 ‚
1716 1337 1718 1339 ·

128 1373 172 1414 δε
201 1384 386 1415 centrum
416 1374 498 1428 ejus
527 1373 582 1414 est
609 1372 800 1428 punflum
832 1377 871 1413 A
901 1372 1008 1427 (Fig.
1032 1376 1112 1425 66.)
1143 1372 1298 1427 Species
1326 1386 1423 1414 vero
1441 1371 1498 1414 est
1505 1374 1673 1429 stxage-

115 1428 218 1480 stma
234 1428 418 1481 fi’cunda.

184 1483 238 1523 Et
266 1482 294 1523 sl
323 1482 515 1524 terminus
551 1497 593 1530 ey
622 1481 731 1523 deest
750 1511 761 1529 ‚
805 1481 846 1522 δε
876 1482 1070 1523 terminus
1100 1482 1129 1522 d
1152 1495 1233 1522 non
1264 1481 1374 1523 deest
1396 1511 1408 1529 ‚
1457 1481 1583 1535 figura
1613 1483 1671 1524 est

123 1536 411 1585 Conchoidalis
438 1537 489 1577 ad
519 1536 790 1590 Asymptoton
820 1536 905 1579 AG
935 1537 1048 1591 (th.
1074 1537 1161 1587 67.)
1200 1536 1399 1590 habetque
1428 1535 1670 1578 diametrum

125 1591 207 1632 fine
244 1602 387 1632 centro
406 1622 417 1640 ,
456 1591 498 1631 δέ
527 1591 723 1632 diameter
751 1591 834 1644 ejus
863 1591 919 1631 est
945 1591 1119 1632 Abscissa
1149 1591 1237 1631 ΑΒ.
1293 1590 1399 1645 Quae
1429 1591 1584 1644 Species
1610 1591 1666 1632 est

114 1646 354 1702 stxageslma
372 1647 509 1687 tertia.

380 1788 400 1815 1
416 1788 455 1816 1.
497 1767 573 1815 De
595 1766 755 1816 duobus
775 1766 1130 1836 Hyperbolismis
1153 1768 1405 1818 Parabolae.

172 1890 510 1947 Hyperboiismus
539 1889 741 1931 Parabolae
770 1902 842 1943 per
870 1890 971 1932 hanc
1001 1890 1270 1943 aequationem
1295 1891 1486 1932 definitur
1504 1896 1664 1944 ,xyst-*ey

115 1947 226 1995 :zd3
257 1947 299 1986 <Sc
328 1945 424 1986 duas
450 1944 568 1985 habet
596 1945 885 1998 Asymptotos‚
916 1945 1131 1987 Absciffiim
1161 1945 1235 1986 ΑΒ
1265 1945 1303 1984 &
1327 1944 1563 1986 Ordinatam
1583 1948 1665 1999 pri-

116 2015 225 2045 mam
271 2001 313 2041 &
351 1999 608 2054 principalem
646 1998 740 2040 AG.
798 1998 1051 2053 Hyperbolae
1088 2012 1186 2040 vero
1221 1999 1262 2039 in
1298 1999 1371 2041 hac
1408 1999 1535 2053 figura
1572 2003 1662 2041 sunt

116 2058 232 2104 duae,
258 2067 340 2096 non
368 2054 408 2094 in
436 2053 708 2107 Asymptoton
738 2054 890 2106 angulis
919 2053 1108 2108 oppofitis
1135 2053 1204 2095 sed
1232 2054 1272 2094 in
1303 2054 1453 2106 angulis
1482 2055 1660 2109 quisunt

116 2111 310 2164 deinceps
334 2108 511 2162 jacentes
528 2137 540 2156 ,
575 2107 699 2162 idque
726 2107 777 2148 ad
807 2119 1023 2163 utrumque
1051 2109 1151 2149 latus
1179 2106 1347 2148 abseiflzae
1376 2106 1451 2148 AB
1475 2138 1485 2153 ,
1527 2110 1567 2149 &
1596 2109 1660 2150 vel

116 2167 198 2209 sme
227 2164 425 2205 diametro
455 2162 481 2203 s1
511 2163 704 2204 terminus
732 2175 774 2215 φ’
800 2161 988 2211 habetur,
1017 2162 1123 2218 (Fig.
1143 2162 1225 2213 68.)
1255 2162 1317 2203 vel
1347 2174 1440 2202 cum
1457 2162 1658 2203 diametro

36 2247 37 2250 ,
116 2221 145 2263 fi
174 2219 367 2260 terminus
403 2217 466 2258 ille
495 2216 605 2258 deest
633 2216 737 2270 (Fig.
759 2218 837 2270 69.)
874 2218 980 2273 Quae
1008 2217 1100 2260 duae
1129 2216 1282 2272 Species
1309 2214 1397 2257 sunt
1418 2218 1656 2273 sexageslma

114 2281 262 2333 quarta
278 2273 320 2315 δι
330 2270 569 2327 fixagefima
587 2272 739 2327 quinta.
1174 2286 1175 2290 ¹

861 2403 915 2449 M
942 2420 969 2456 2
1500 2415 1560 2446 12.
1588 2403 1662 2446 ‘De‘
