2079 3033
796 169 1454 218 EDITORIS·

363 257 560 301 ridebitur
581 259 649 311 qui
669 258 793 310 finget
813 255 1037 300 Elam-em,
1063 253 1103 293 &
1131 266 1184 292 ex
1205 250 1432 305 Hypothefi
1462 250 1513 292 fic
1532 250 1785 307 praepropere
1804 268 1902 296 cors.

369 312 460 355 fieta
496 323 652 354 motum
682 311 827 352 indicis
865 309 1064 361 explicare
1099 306 1309 358 suscipiet:
1352 306 1532 356 oportuit
1571 306 1680 346 enim
1707 308 1903 350 internam

375 366 579 408 Machinae
607 366 796 406 fabricam
822 362 994 415 penitius
1021 359 1277 414 perscrutari,
1306 368 1350 399 ut
1368 359 1421 398 ita
1440 369 1572 400 motus
1589 360 1780 413 propositi
1797 364 1905 415 prin—

376 421 525 475 cipium
564 432 703 461 verum
742 419 992 470 exploratum
1026 415 1169 455 habere
1197 411 1337 466 posset.
1395 413 1506 453 Idem
1537 415 1599 454 vel
1627 426 1709 454 non
1738 415 1907 458 absimile

374 475 527 516 feretur
559 473 756 526 judicium
795 472 845 512 de
874 468 1120 522 philosophis
1157 467 1228 507 illis
1246 495 1258 513 ‚
1301 466 1371 521 qui
1400 467 1563 507 materia
1591 468 1760 520 quadam
1789 468 1908 510 subti-

375 528 514 570 liffima
542 527 685 566 Coelos
719 524 797 566 ess‘e
824 525 999 578 repletos
1019 551 1030 569 ‚
1067 521 1167 561 hanc
1196 531 1330 561 autem
1357 521 1397 560 in
1425 520 1614 562 Vortices
1642 522 1910 565 indesinenter

375 583 436 635 agi
475 581 701 622 voluerunt.
767 579 871 619 Nam
911 577 938 618 si
966 575 1247 617 Phaenomenis
1285 575 1349 615 vel
1375 573 1662 616 accuratissime
1691 576 1910 618 satisfacere

375 634 530 689 possent
568 648 620 676 ex
650 632 953 688 l-Iypothefibus
989 631 1063 671 suis
1084 646 1103 675 3:
1143 641 1278 669 veram
1307 638 1441 669 tamen
1470 629 1762 682 Philosophiam
1792 633 1913 673 tradi-

375 689 500 736 diffe,
549 689 591 728 δε
631 701 740 728 veras
779 686 911 727 causas
947 695 1132 726 motuum
1171 682 1393 723 coelestium
1423 682 1612 723 invenisse
1642 684 1825 726 nondum
1853 686 1914 727 di<-

377 742 496 784 cendi
523 743 641 789 sunt;
679 741 749 782 nifi
776 741 838 780 vel
868 740 934 780 has
962 751 1099 779 revera
1129 736 1296 778 existere
1314 766 1325 784 ‚
1361 737 1424 776 vel
1454 737 1589 777 saltem
1617 737 1706 778 alias
1735 751 1816 780 non
1843 753 1917 781 ex—

376 797 492 837 istere
538 795 910 837 demonstraverint.
974 793 1098 845 Igitur
1136 790 1164 831 fi
1201 791 1397 832 ostensum
1436 789 1589 837 fuerit}
1620 787 1914 835 'universorum

377 863 593 904 corporum
625 849 922 891 Amasti-ionem
959 847 1104 887 habere
1143 858 1283 885 verum
1321 846 1456 885 locum
1493 845 1535 885 in
1569 858 1703 885 rerum
1741 857 1914 896 natura;

379 905 606 959 quinetiam
642 904 838 944 ostensum
886 901 1036 948 fuerit,
1081 912 1159 953 qua
1197 899 1351 940 ratione
1389 909 1521 939 motus
1557 911 1696 939 omnes
1733 902 1917 943 coelestes
1981 885 1984 887 Δ

382 959 527 1000 abinde
554 959 790 999 solutionem
812 956 1004 1009 recipiant
1018 973 1032 1001 ;
1057 967 1155 994 vana
1175 954 1295 994 fuerit
1314 953 1354 992 δε
1378 953 1525 993 merito
1544 952 1763 995 deridenda
1782 955 1913 1008 objec-

381 1014 440 1053 tio
461 1046 469 1058 ‚
510 1012 538 1053 fi
564 1013 650 1066 quis
675 1012 823 1052 dixerit
852 1009 1015 1051 eosdem
1041 1019 1175 1049 motus
1203 1020 1276 1060 per
1301 1006 1490 1048 vortices
1515 1007 1703 1059 explicari
1737 1009 1886 1050 debere
1904 1041 1916 1058 ,

382 1066 532 1107 etiamsi
561 1067 602 1107 id
629 1066 715 1106 fieri
744 1064 852 1119 posse
878 1065 941 1104 vel
968 1063 1139 1103 maxime
1158 1061 1475 1102 concefl'erimus.
1532 1061 1627 1101 Non
1654 1071 1786 1103 autem
1818 1077 1917 1105 con-

380 1121 588 1161 cedimus:
617 1121 840 1174 Nequeunt
865 1119 972 1157 enim
1002 1117 1082 1157 ullo
1110 1115 1225 1170 paFto
1244 1115 1515 1155 Phaenomena
1539 1127 1611 1168 per
1630 1114 1667 1156 V
1673 1116 1818 1157 ortices
1846 1133 1918 1159 ex-

380 1175 513 1227 plicari
535 1192 545 1220 3
587 1174 698 1227 quod
728 1174 776 1213 ab
805 1170 978 1214 Auctore
1005 1171 1141 1211 nostro
1167 1169 1326 1210 abunde
1352 1169 1518 1222 quidem
1547 1169 1588 1208 &
1613 1169 1827 1212 clai-illimis
1855 1187 1915 1214 ra-

384 1228 559 1269 tionibus
585 1228 805 1272 evincitur3
836 1233 880 1266 ut
907 1225 1065 1266 somniis
1094 1224 1178 1278 plus
1205 1236 1323 1276 aequo
1344 1223 1577 1274 indulgeant
1599 1233 1809 1276 oporteat,
1845 1230 1916 1281 qui

383 1280 628 1336 ineptiflimo
665 1281 861 1335 figmento
889 1279 1141 1319 resarciendo
1161 1307 1172 1325 ,
1210 1276 1401 1331 novisque
1432 1290 1554 1329 porro
1584 1280 1823 1320 commentis
1852 1295 1918 1323 os..

384 1336 518 1377 nando
537 1334 736 1376 infelicem
757 1347 919 1387 operam
940 1333 1145 1374 addicunt.
1496 1336 1501 1340 '

437 1390 476 1431 Si
505 1403 675 1442 corpora
704 1389 955 1429 planetarum
984 1388 1022 1427 ἃ
1052 1386 1317 1427 Cometarum
1345 1385 1457 1425 circa·
1478 1385 1613 1426 Solem
1641 1385 1870 1431 deferantur
1897 1406 1919 1433 a

385 1443 651 1489 Vorticibu33
688 1453 851 1495 oportet
890 1454 1060 1495 corpora
1098 1441 1226 1481 delata
1255 1441 1295 1480 &
1326 1439 1543 1480 Vorticum
1579 1449 1707 1492 partes
1736 1446 1921 1494 proxime

387 1498 605 1538 ambientes
634 1496 775 1535 eadem
806 1496 1017 1535 velocitate
1048 1494 1271 1547 eademque
1300 1493 1433 1533 cursus
1469 1493 1805 1536 determinatione
1832 1512 1919 1538 mo-

385 1552 496 1597 veri,
534 1550 575 1589 &
610 1549 780 1590 eandem
816 1547 961 1588 habere
991 1546 1226 1587 densitatem
1256 1548 1313 1585 vel
1340 1547 1508 1585 eandem
1539 1546 1634 1586 Vim
1663 1548 1817 1590 inertiae
1846 1565 1920 1604 pro

386 1606 492 1645 mole
529 1604 716 1643 materiae.
773 1601 938 1640 Constat
973 1612 1071 1638 vero
1099 1600 1279 1638 planetas
1309 1599 1349 1637 δε
1377 1598 1568 1638 Cometas
1587 1629 1614 1646 ‚.
1641 1600 1739 1642 dum
1768 1606 1922 1647 versane

387 1670 451 1698 tur
480 1659 520 1697 in
556 1656 693 1696 iisdem
731 1653 959 1706 regionibus
988 1651 1232 1696 Coelorum,
1278 1650 1553 1689 velocitatibus
1588 1653 1702 1692 variis
1735 1657 1919 1713 variaque

389 1711 521 1752 cursus
567 1708 902 1750 determinatione
946 1705 1110 1746 moveri.
1176 1703 1406 1743 Necess'ario
1451 1703 1587 1756 itaque
1627 1704 1803 1759 sequitur
1822 1741 1833 1759 ,
1877 1724 1922 1754 ut

391 1764 523 1806 Fluidi
551 1762 722 1811 coelestis
748 1772 878 1814 partes
907 1760 982 1800 illae
1004 1788 1015 1806 ‚
1056 1771 1147 1812 quae
1182 1758 1269 1798 sunt
1296 1757 1345 1797 ad
1372 1756 1529 1797 easdem
1557 1757 1757 1803 distantias
1785 1778 1806 1804 a
1830 1766 1928 1809 Sole

392 1819 649 1859 revolvantur
685 1818 832 1857 eodem
867 1824 1049 1867 tempore
1083 1813 1122 1853 in
1159 1813 1288 1866 plagas
1326 1811 1497 1851 diversas
1535 1824 1627 1851 cum
1668 1813 1828 1859 diversis
1855 1835 1923 1862 ve-

391 1871 644 1914 locitatibus:
676 1870 824 1910 etenim
852 1869 922 1909 alia
949 1881 1047 1921 opus
1076 1867 1151 1907 erit
1170 1866 1389 1906 direfiione
1410 1865 1452 1905 δέ
1473 1865 1706 1916 velocitate,
1733 1881 1776 1911 ut
1801 1884 1924 1916 trans-

390 1928 449 1968 ire
477 1925 622 1979 poflint
649 1924 846 1970 planetae,
873 1922 964 1969 alia,
993 1932 1036 1962 ut
1066 1920 1225 1961 tranfire
1253 1919 1398 1973 poffint
1420 1918 1618 1960 Cometae.
1676 1924 1812 1976 Quod*
1831 1942 1925 1972 cum

392 1980 580 2034 explicari
614 1988 816 2032 nequeat3
866 1977 929 2016 vel
957 1975 1166 2016 fatendum
1198 1975 1272 2014 erit
1291 2004 1303 2021 ,
1345 1972 1524 2013 universa
1551 1987 1724 2029 corpora*
1750 1982 1928 2024 coelestia

393 2048 476 2076 non
516 2033 665 2074 deferri
703 2046 723 2072 a
761 2032 924 2072 materia
955 2029 1165 2075 Vorticis;
1203 2029 1265 2068 vel
1292 2027 1511 2068 dicendum
1550 2029 1657 2077 erit,
1700 2036 1926 2079 eorundem

393 2099 528 2129 motus
556 2086 799 2141 repetendos
826 2083 904 2126 effe
931 2096 1013 2124 non
1042 2083 1090 2124 ab
1115 2095 1199 2124 uno
1228 2081 1454 2135 eodemque
1477 2081 1675 2130 Venice,
1696 2086 1762 2127 sed
1794 2103 1814 2128 a
1841 2092 1928 2142 plu„

393 2143 502 2184 ribus
527 2142 596 2195 qui
623 2140 670 2181 ab
699 2139 874 2181 invicem
902 2137 1044 2180 diversi
1068 2137 1165 2184 sint,
1191 2135 1381 2189 idemque
1405 2134 1572 2189 spatium
1593 2136 1676 2179 Soli
1693 2138 1942 2197 circumjeca‘

391 2208 476 2238 tum
493 2195 724 2249 pewadant.

449 2250 487 2291 Si
509 2250 641 2303 plures
664 2248 854 2288 Vortices
880 2247 922 2287 in
950 2246 1098 2287 eodem
1123 2244 1246 2298 spatio
1276 2243 1494 2290 contineri,
1523 2243 1570 2284 δέ.
1584 2244 1663 2286 sese
1692 2259 1834 2291 mutuo
1858 2265 1930 2306 pe.-

394 2315 550 2347 netrare
568 2332 579 2349 ‚
619 2301 871 2356 motibusque
904 2301 1065 2342 diversis
1102 2299 1256 2340 revolvi
1284 2307 1485 2350 ponantur
1506 2315 1520 2344 ;
1556 2301 1747 2351 quoniam
1776 2305 1816 2346 hi
1842 2319 1930 2350 mo*

390 2370 459 2402 tus
489 2357 653 2398 debent
697 2355 775 2397 effe
811 2354 1044 2398 conformes
1082 2354 1309 2396 delatorum
1347 2364 1567 2405 corporum
1603 2355 1808 2407 motibus,
1863 2364 1931 2414 qui

373 2429 391 2453 θ
1845 2414 1934 2459 sunt
