2079 3033
383 151 469 194 ⁴283
707 147 1195 193 PHILOSOPHIAE
1251 146 1657 194 NATURALIS

180 232 235 266 DE
266 233 362 266 Mor}
391 234 573 276 stentiam
590 234 668 282 fili,
724 246 785 274 uae
814 240 926 273 certe
954 239 1280 284 permagna-erat
1298 243 1327 280 ,·
1344 244 1392 272 ac
1420 230 1473 272 de
1498 231 1767 285 pendulorum
1792 237 1931 281 inven.

182 275 288 315 §93⁹9

291 284 369 313 “⁰²⁸³
392 300 431 331 ta
461 288 673 331 resistentia
716 286 865 328 ubduci
891 285 1037 347 debet.
1092 285 1214 327 Hanc
1250 294 1434 327 accurate
1468 285 1636 327 definire
1672 299 1754 330 non
1788 293 1930 343 potui,

354 359 361 364 ·
389 344 459 387 sed
494 344 685 405 majorem
721 350 854 382 tamen
889 353 1026 381 mveni
1061 352 1181 395 quam
1217 349 1373 393 partem
1409 341 1567 381 tertiam
1605 341 1830 385 refistentiae
1866 356 1946 387 to·-

392 399 471 442 tius
499 395 661 439 minoris
688 394 853 450 penduli
875 411 887 442 ;
925 394 968 435 δε
995 395 1091 435 inde
1118 393 1245 435 didici
1272 394 1384 449 quod
1420 393 1646 436 refistentiae
1675 394 1902 441 Globorum
1921 430 1933 449 ,

392 451 555 506 dempta
572 450 627 491 fili
646 449 883 498 resistentia,
910 448 1000 490 sunt
1019 460 1138 503 quam
1165 449 1348 503 proxime
1376 448 1417 490 in
1444 448 1644 504 duplicata
1670 450 1825 492 ratione
1852 452 1934 495 dia-

390 517 625 548 metrorum.
681 504 788 546 Nam
815 503 918 545 ratio
947 510 1091 554 73—-†‘
1107 503 1158 544 ad
1188 509 1315 552 Ι-ὲ,
1341 503 1406 544 seu
1437 512 1511 546 105
1539 504 1590 545 ad
1626 518 1642 544 1
1666 537 1674 552 ,
1713 517 1795 545 non
1815 507 1934 560 longe

389 560 495 601 abest
511 574 532 600 a
552 560 842 601 diametrorum
868 558 1023 599 ratione
1042 557 1097 598 du
1127 557 1243 598 licata
1266 571 1309 598 11
1322 560 1354 597 ἑὲ
1370 557 1420 609 ad
1445 571 1478 597 1.

446 614 557 655 Cum
594 614 810 656 refistentia
846 612 902 654 fili
936 612 996 653 inv
1017 611 1100 653 Glo
1130 612 1162 652 is
1197 610 1412 665 majoribus
1439 611 1602 652 minoris
1631 611 1677 652 sit
1705 615 1935 666 momenti,

388 671 539 711 tentavi
566 669 687 709 etiarn
717 666 1038 723 experimentum
1065 667 1107 707 in
1134 665 1275 707 Globo
1302 665 1412 718 cujus
1441 665 1638 707 diameter
1664 677 1750 707 erat
1783 668 1856 722 18}
1873 670 1933 711 di-

388 724 579 777 gitorum.
635 721 874 775 Longitudo
904 720 1071 774 penduli
1096 720 1202 761 inter
1238 719 1429 773 punctum
1466 718 1724 773 suspensionis
1761 721 1805 762 δε
1840 724 1961 765 εεῐι-’

389 788 499 818 trum
525 777 775 818 osc-illationis
811 785 896 816 erat
933 773 1155 827 digitorum
1199 787 1299 821 122ss
1325 772 1430 814 inter
1458 773 1652 827 pannum
1678 775 1934 828 suspensionis

390 831 435 872 δε
461 831 619 872 nodum
645 831 685 871 in
713 829 781 870 filo
814 835 911 880 1o9÷
940 828 1021 881 dig.
1078 831 1210 868 Arcus
1238 828 1371 880 primo
1400 827 1564 879 penduli
1593 826 1781 869 descensu
1811 844 1832 870 a
1859 845 1932 873 no-

389 886 446 926 do
474 884 717 939 descriptus,
747 898 794 932 32
815 884 898 937 dig.
952 884 1083 923 Arcus
1100 881 1261 921 ascensu
1277 880 1421 920 ultimo
1439 878 1526 932 post
1535 879 1798 923 oscillationes'
1818 886 1935 938 quin·
1988 900 1996 902 e

388 952 470 994 que
497 938 546 979 ab
576 939 723 979 eodem
750 935 1107 988 nodordescriptus
1125 962 1138 980 ,
1166 933 1230 974 28.
1259 932 1341 986 dig.
1398 932 1561 974 Summa
1588 947 1752 977 arcuum
1780 937 1846 979 seu
1874 953 1936 980 ar-

389 1005 461 1034 cus
479 1001 587 1034 totus
605 992 848 1033 oscillatione
875 988 1075 1030 mediocri
1101 987 1323 1041 descriptus
1339 1016 1351 1035 ‚
1389 990 1439 1027 60
1469 987 1552 1041 digss
1606 987 1847 1032 Differentia
1875 1007 1936 1034 ar-

389 1059 514 1088 cuum
532 1064 557 1098 4
582 1047 664 1099 dig.
723 1044 817 1096 Ejus
845 1056 932 1098 pars
965 1042 1120 1083 decima
1145 1041 1214 1083 seu
1246 1040 1471 1082 differentia
1499 1042 1603 1083 inter
1631 1042 1863 1086 descensum
1892 1048 1935 1088 δε

388 1101 591 1142 ascensum
608 1103 650 1141 in
669 1099 913 1141 oscillatione
933 1097 1129 1138 mediocri
1150 1104 1166 1149 ζ
1193 1095 1274 1148 dig.
1331 1094 1389 1136 Ut
1415 1095 1549 1136 radius
1577 1109 1679 1149 1091³
1703 1098 1753 1137 ad
1776 1100 1933 1142 radium

392 1161 514 1203 ηιξ,
541 1155 595 1196 ita
620 1164 875 1197 arcusrtotus:
896 1153 946 1191 60
971 1150 1052 1204 dig.
1083 1149 1326 1192 oscillatione
1352 1149 1549 1190 mediocri
1575 1163 1595 1190 a
1624 1151 1736 1191 nodo
1764 1152 1936 1208 descrip÷

388 1220 480 1257 tus,
509 1208 560 1249 ad
589 1222 726 1250 arcum
754 1219 887 1249 totum
915 1211 989 1255 67⁷³
1009 1206 1092 1259 dig.
1120 1204 1365 1246 oscillatione
1392 1203 1588 1244 mediocri
1613 1217 1633 1243 a
1661 1215 1804 1246 centro
1832 1207 1936 1249 Glo-

385 1262 430 1305 bi
457 1262 729 1317 descriptum:
759 1263 799 1303 &
826 1263 881 1302 ita
907 1257 1131 1301 differentia
1149 1274 1165 1310 4
1181 1258 1231 1298 ad
1259 1256 1530 1298 differentiam
1550 1270 1694 1297 novam
1725 1272 1748 1297 ο
1767 1289 1777 1304 ,
1818 1275 1936 1312 4475,

386 1318 428 1359 Si
449 1317 663 1370 longitudo
692 1317 887 1370 penduli,
926 1323 1113 1354 manente
1139 1311 1394 1365 longitudine
1421 1322 1534 1351 arcus
1562 1310 1749 1365 descripti
1771 1330 1789 1360 ‚⁷
1818 1327 1944 1369 auge-⁷

387 1382 499 1413 retur
521 1372 560 1412 in
582 1372 736 1412 ratione
768 1373 839 1408 126
858 1368 906 1408 ad
939 1378 1061 1416 ηιμ
1089 1375 1249 1418 tempus
1279 1364 1533 1405 osculationis
1558 1375 1771 1418 augeretur
1798 1367 1839 1408 &
1869 1383 1937 1411 ve..

391 1426 530 1466 locitas
556 1424 720 1477 penduli
749 1423 1040 1463 diminueretur
1070 1421 1110 1461 in
1136 1419 1289 1460 ratione
1317 1419 1381 1459 illa
1420 1418 1693 1472 subduplicata
1711 1450 1720 1465 ‚
1758 1433 1938 1466 maneret

389 1492 488 1520 vero
517 1491 683 1519 arcuum
712 1476 902 1518 descensu
934 1476 974 1515 &
1004 1475 1268 1530 subsequente
1305 1472 1463 1513 ascensu
1500 1472 1792 1527 descriptorum
1822 1476 1940 1520 diffe-

390 1533 518 1575 rentia
544 1546 592 1580 0,
620 1543 735 1583 4475.
790 1530 954 1571 Deinde
984 1529 1011 1569 fi
1040 1542 1152 1570 arcus
1190 1528 1411 1580 descriptus
1448 1535 1664 1580 augeretur
1701 1527 1743 1569 in
1782 1532 1937 1574 ratione

394 1591 512 1640 1243}
538 1586 586 1627 ad
611 1589 707 1634 67÷‚
737 1584 963 1624 differentia
985 1583 1054 1622 ista
1073 1595 1232 1631 0‚4475
1261 1589 1475 1633 augeretur
1503 1582 1542 1620 in
1561 1581 1761 1634 duplicata
1787 1584 1850 1624 illa
1877 1599 1939 1625 ra-

394 1643 507 1683 tione
527 1669 540 1688 ,
578 1639 762 1690 adeoque
786 1636 976 1675 evaderet
1008 1649 1025 1673 1
1046 1663 1058 1680 ‚
1098 1646 1214 1683 5295.
1271 1633 1378 1671 Haec
1402 1634 1455 1671 ita
1485 1633 1524 1671 se
1550 1633 1762 1682 haberent,
1790 1649 1842 1677 ex
1865 1639 1938 1692 hy-

394 1695 548 1749 pothefi
586 1691 697 1745 quod
728 1688 944 1729 resistentia
974 1686 1141 1727 Penduli
1171 1683 1265 1724 effet
1291 1685 1332 1723 in
1369 1683 1584 1736 duplicata·
1602 1685 1666 1725 illa
1681 1688 1844 1730 ‘ratione
1870 1705 1938 1733 ve-

395 1747 579 1790 locitatis.
636 1745 747 1796 Ergo
776 1742 803 1782 fi
823 1740 1042 1793 pendulum
1061 1738 1302 1780 describeret
1319 1749 1457 1778 arcum
1482 1747 1614 1778 totum
1648 1745 1763 1791 1243}
1790 1741 1939 1797 digito-

396 1815 487 1844 rum
515 1830 527 1846 ,
582 1798 623 1838 &
653 1796 865 1850 longitudo
893 1794 976 1847 ejus
1012 1795 1118 1834 inter
1152 1790 1345 1847 punctum
1381 1791 1637 1844 suspensionis
1675 1794 1715 1834 &
1754 1808 1939 1843 centrum

397 1852 648 1897 osculationis
677 1851 773 1891 esset
805 1853 881 1889 126
918 1848 1171 1901 digitorum5
1216 1844 1441 1886 differentia
1477 1857 1642 1886 arcuum
1679 1847 1868 1895 descensu
1895 1855 1940 1896 &

397 1908 660 1961 subsequente
703 1904 861 1946 ascensu
905 1902 1200 1955 descriptorum
1245 1898 1351 1940 foret
1400 1912 1556 1950 1‚5295
1595 1899 1827 1954 digitorum.
1882 1908 1939 1951 Et

397 1964 485 2004 haec
522 1959 754 2002 differentia
780 1956 898 1998 ducta
925 1956 966 1997 in
995 1955 1154 2007 pondus
1190 1952 1315 1995 Globi
1352 1953 1517 2007 penduli
1547 1981 1558 2001 ,
1611 1955 1724 2008 quod
1753 1969 1837 2000 erat
1866 1973 1938 2003 un-

399 2011 551 2058 ciarum
580 2016 657 2054 208
676 2042 689 2061 ‚
715 2011 905 2068 producit
938 2010 1009 2058 318
1028 2039 1040 2058 ‚
1071 2013 1156 2058 136.
1209 2007 1361 2049 Rursus
1398 2007 1465 2048 ubi
1505 2006 1725 2059 pendulum
1761 2011 1937 2067 superius

398 2084 454 2111 ex
472 2069 611 2111 Globo
629 2068 763 2121 ligneo
784 2064 1075 2111 constructum,
1102 2071 1246 2105 centro
1266 2060 1516 2102 oscillationis
1534 2088 1545 2107 ,
1582 2062 1695 2115 quod
1731 2078 1751 2105 a
1788 2068 1936 2121 puncto

400 2123 657 2178 suspensionis
684 2121 832 2174 digitos
861 2122 935 2159 1'26
960 2117 1156 2165 distabat,
1193 2113 1440 2166 describebat
1477 2126 1615 2156 arcum
1651 2126 1784 2160 totum
1822 2130 1938 2174 124³}

402 2179 626 2231 digitorum
643 2205 655 2224 ,
695 2175 922 2216 differentia
947 2184 1112 2214 arcuum
1138 2169 1327 2212 descensu
1353 2168 1394 2209 &
1413 2168 1572 2210 ascensu
1591 2168 1839 2226 descriptum
1861 2176 1938 2219 fuit

407 2235 494 2277 126,
565 2232 586 2271 8

401 2279 636 2346 Tim-‘93’
665 2280 754 2322 quae
783 2265 901 2308 dubia
924 2266 966 2306 in
994 2264 1153 2320 pondus
1180 2261 1326 2309 Globi‚
1350 2261 1462 2315 quod
1484 2271 1567 2303 erat
1596 2264 1804 2307 unciarum
1829 2281 1877 2318 57
1889 2272 1938 2318 ἔξ,

404 2349 596 2405 producit
636 2362 707 2400 49,
739 2350 824 2400 396.
881 2346 992 2387 Duxi
1019 2355 1154 2387 autem
1182 2341 1426 2384 differentias
1451 2341 1566 2384 hasce
1582 2342 1623 2384 in
1670 2345 1939 2401 onderabGlo-

404 2405 552 2449 borum
595 2411 641 2446 ut
685 2402 908 2446 invenirem
952 2413 1093 2443 eorum
1137 2396 1380 2442 refistentias.
1437 2396 1543 2440 Nam
1588 2397 1631 2440 di
1663 2401 1826 2443 erentiae
1861 2403 1943 2444 ori-
1987 2420 1991 2422 ·

1825 2466 1946 2499 untur
