2079 3033
427 178 503 217 ἃς.»
732 154 1222 202 PfflLoso‘PfflAE
1248 154 1669 202 {uA-TURAUS

232 251 278 280 Dr-
294 250 414 279 Mow
431 246 606 287 motibus
620 241 938 285 -revolvebantur
956 268 968 288 ,
1009 240 1260 294 permittatur
1297 238 1471 293 Systema
1500 247 1634 279 totum
1661 237 1838 291 Legibus
1861 237 1961 281 ‘Me4

231 290 420 321 c‘m‘m‘ffl’
435 300 606 342 chanicis
626 316 636 343 ;
666 309 731 336 vas
750 296 788 335 δε
810 294 949 348 globus
966 295 1006 335 in
1024 295 1062 335 se
1080 294 1253 334 invicem
1277 303 1396 347 agent
1413 292 1617 333 mediante
1635 291 1765 332 fluido
1782 322 1794 341 ‚
1827 306 1962 348 neque

435 364 569 396 motus
590 351 678 392 suos
698 350 740 392 in
756 350 794 389 se
813 359 955 389 mutuo
974 361 1045 402 per
1062 347 1233 388 fluidum
1253 360 1474 401 propagare
1492 346 1600 400 prius
1613 345 1964 401 ceffabunt—,quam

435 419 574 449 eorum
595 415 777 458 tempora
794 402 1001 457 periodica
1016 411 1231 456 aequentur
1258 404 1362 442 inter
1380 403 1427 442 ase
1443 427 1454 448 ,
1481 401 1523 442 ὅζ
1551 399 1728 454 Systema
1753 408 1886 442 totum
1913 400 1964 441 ad

435 461 549 503 instar
567 459 746 514 corporis
764 457 879 499 unius
888 455 1012 499 solidi
1024 456 1143 498 fimul
1164 456 1403 497 revolvatur.

1089 564 1132 605 S
1129 563 1301 605 ebolium.

483 678 534 719 {n
554 674 832 718 —hisfomnibus
858 674 1040 727 suppono
1067 667 1240 713 fluidum
1276 684 1329 713 ex
1364 673 1528 713 materia
1556 670 1697 725 ¹quoad
1725 669 1970 712 >densitatem

437 733 477 772 &
499 732 738 773 fluiditatem
757 730 947 770 uniformi
967 725 1157 767 constare.
1213 724 1317 766 Tale
1346 725 1403 766 est
1427 727 1467 766 in
1493 738 1577 779 quo
1604 724 1744 778 globus
1770 725 1880 766 idem
1898 732 1987 765 εο-ἰ

430 786 534 828 dem
561 798 654 826 cum
684 794 796 825 motu
816 812 827 829 ,
854 784 895 822 in
923 781 1070 835 eod-em
1100 781 1291 832 temporis
1319 779 1527 820 intervallo
1545 808 1557 825 ‚
1594 788 1727 818 motus
1756 779 1898 819 fimiles
1927 778 1969 819 δε

441 841 635 893 aequales,
665 837 713 877 ad
735 837 904 891 aequales
933 834 1087 887 semper
1114 847 1136 873 a
1164 835 1201 873 se
1228 832 1455 879 distantias,
1490 831 1617 872 ubivis
1639 832 1688 871 =in
1715 830 1845 871 fluido
1874 845 1972 873 con-

438 893 609 939 stitutis,
647 903 872 945 propagare
902 887 1033 940 possit.
1090 886 1271 926 Conatur
1308 885 1474 938 quidem
1508 884 1674 925 materia
1710 894 1973 938 permotum

430 948 549 989 suum
580 946 812 986 circularem
845 941 1037 981 recedere
1062 939 1109 980 ab
1138 952 1211 979 axe
1240 937 1447 985 vorticis,
1497 938 1539 979 δε
1576 947 1788 991 propterea
1825 938 1971 992 premit

429 1001 642 1042 materiam
662 1007 825 1037 omnem
844 994 1087 1034 ulter-iorem.
1146 993 1211 1034 Ex
1229 992 1301 1033 hac
1330 992 1529 1045 pressione
1557 992 1601 1033 fit
1626 992 1783 1033 attritus
1798 993 1972 1046 partium

439 1055 584 1097 fortior
626 1053 665 1091 δε
705 1049 895 1103 separatio
924 1047 972 1087 ab
1000 1048 1174 1088 invicem
1202 1045 1438 1093 difficilior;
1479 1047 1520 1086 &
1547 1059 1619 1099 per
1642 1047 1890 1101 consequens
1910 1046 1972 1087 di.-

439 1107 632 1150 minuitur
659 1103 835 1145 materiae
863 1100 1050 1142 fluiditas.
1107 1100 1258 1142 Rursus
1271 1100 1302 1140 fi
1321 1110 1451 1153 partes
1469 1099 1586 1140 fluidi
1606 1101 1693 1140 sunt
1711 1100 1854 1141 alicubi
1874 1099 1975 1141 cras-

444 1162 563 1202 fiores
579 1161 645 1200 seu
663 1157 852 1210 majores,
876 1155 1054 1198 fluiditas
1074 1154 1129 1194 ibi
1147 1158 1279 1195 minor
1298 1154 1373 1194 erit
1389 1183 1400 1202 ,
1432 1153 1493 1195 ob
1518 1153 1725 1207 pauciores
1744 1154 1971 1208 superficies

444 1216 485 1256 in
522 1214 663 1267 quibus
698 1221 828 1265 partes
866 1211 1093 1263 separentur
1140 1208 1188 1248 ab
1232 1207 1416 1249 invicem.
1472 1207 1516 1248 In
1555 1206 1778 1259 hujusmodi
1818 1208 1972 1249 «cafibus

434 1268 700 1309 deficientem
717 1264 960 1306 fluiditatem
975 1263 1037 1303 vel
1054 1262 1280 1303 iubricitate
1300 1262 1473 1314 partium
1500 1261 1562 1300 ve1
1588 1261 1745 1301 lentore
1760 1261 1886 1307 aliave
1906 1262 1974 1302 ali-

447 1334 524 1375 qua
543 1320 777 1361 conditione
796 1317 948 1359 restitui
966 1317 1159 1369 suppono.
1215 1314 1315 1356 Hoc
1344 1315 1414 1355 nifi
1440 1315 1507 1355 fiat
1525 1342 1538 1360 ‚
1575 1314 1740 1355 materia
1759 1314 1826 1355 ubi
1837 1315 1973 1364 ⁴minus

445 1375 570 1416 fluida
589 1374 644 1414 est
662 1373 784 1425 magis
804 1369 1024 1411 cohaerebit
1052 1369 1092 1409 δε
1120 1369 1276 1422 segnior
1303 1369 1379 1409 erit
1398 1398 1409 1416 ‚
1445 1368 1630 1420 adeoque
1648 1376 1805 1409 motum
1825 1369 1974 1411 tardius

426 1429 635 1481 recipiet,
666 1428 704 1467 δε
725 1426 887 1478 -longius
916 1422 1148 1478 propagabit
1169 1435 1288 1477 quam
1316 1436 1390 1476 pro
1408 1423 1562 1463 ratione
1581 1422 1756 1476 superius
1774 1422 1974 1477 affignata.

447 1483 489 1524 Si
524 1482 649 1535 figura
677 1479 771 1520 vafis
801 1492 882 1520 non
907 1479 957 1521 ,fit
986 1478 1184 1529 Sphaerica
1202 1506 1214 1524 ‚
1250 1477 1520 1518 movebuntur
1552 1477 1759 1529 particulae
1793 1477 1834 1518 in
1863 1477 1975 1518 lineis

445 1549 529 1578 non
547 1533 802 1575 circularibus
832 1532 899 1573 fed
923 1531 1202 1575 conformibus
1231 1531 1365 1574 eidem
1394 1532 1488 1573 vafis
1516 1529 1654 1583 figurae
1672 1560 1683 1579 ,
1719 1531 1762 1572 &
1791 1541 1973 1585 tempora

443 1589 647 1644 periodica
685 1598 800 1628 erunt
837 1596 880 1627 ut
917 1586 1107 1640 quadrata
1143 1586 1410 1627 mediocrium
1455 1585 1724 1626 distantiarum
1771 1599 1792 1625 a
1820 1594 1972 1633 centro

443 1643 760 1698 quamproxime.
816 1641 858 1686 In
881 1639 1056 1693 partibus
1073 1641 1377 1679 intel-centrum
1405 1639 1447 1680 δε
1469 1637 1836 1678 circumferentiam
1857 1667 1868 1686 ‚
1902 1638 1972 1679 ubi

444 1699 581 1743 latiora
599 1697 686 1736 sunt
706 1694 825 1747 spatia
844 1721 855 1739 ‚
893 1692 1085 1731 tardiores
1102 1700 1222 1731 erunt
1249 1700 1382 1730 motus
1401 1719 1412 1738 ‚
1449 1690 1517 1731 ubi
1544 1690 1767 1742 angustiora
1794 1692 1970 1733 velocio-

446 1765 537 1798 res,
573 1762 705 1803 neque
741 1757 875 1786 tamen
908 1744 1116 1798 *particulae
1152 1744 1373 1784 velociores
1411 1752 1551 1796 petent
1587 1744 1967 1788 circumferentiam„

442 1807 574 1849 Arcus
587 1804 699 1844 enim
726 1799 951 1841 describent
969 1798 1098 1838 minus
1118 1810 1282 1844 curvos,
1311 1797 1352 1836 δε
1371 1808 1536 1838 conatus
1549 1798 1772 1839 recedendi
1790 1813 1812 1839 a
1830 1810 1974 1840 centro

438 1872 520 1900 non
548 1858 676 1897 minus
706 1854 950 1894 diminuetur
981 1863 1051 1903 per
1073 1851 1384 1894 ¹decrementum
1411 1851 1522 1902 hujus
1551 1861 1774 1895 curvaturae
1792 1882 1808 1900 ,
1848 1862 1969 1908 quam

429 1911 647 1965 augebitur
673 1921 744 1962 per
767 1908 1061 1948 incrementum
1088 1904 1320 1945 velocitatis.
1377 1903 1591 1958 Pergendo
1630 1918 1652 1945 a
1680 1906 1811 1958 spatiis
1846 1921 1969 1961 angu-

439 1965 619 2007 stioribus
637 1964 678 2004 in
696 1958 1043 2007 latiora-recedent
1060 1959 1178 2010 paulo
1196 1958 1350 2010 longius
1378 1971 1398 1998 a
1422 1968 1564 1999 centro
1583 1987 1594 2006 ‚
1630 1958 1698 2000 sed
1727 1960 1800 2000 isto
1818 1960 1968 2003 recessu

444 2018 691 2065 ramessem,
720 2016 761 2056 δε
782 2011 1015 2056 accedendo
1035 2012 1167 2065 postea
1189 2012 1240 2053 de
1257 2012 1459 2054 latioribus
1487 2012 1536 2053 ad
1565 2013 1787 2066 angustiora
1815 2017 1966 2056 accele-

442 2073 664 2117 rabuntur;
704 2070 745 2110 δε
773 2068 823 2109 fic
852 2080 923 2121 per
946 2066 1055 2107 vices
1089 2066 1312 2110 tardescent
1343 2064 1385 2108 &
1411 2066 1737 2109 accelerabuntur
1765 2070 1966 2122 particulae

443 2126 603 2178 fingulae
622 2125 663 2164 in
681 2133 931 2176 perpetuum.
989 2119 1094 2160 Haec
1113 2121 1167 2160 ita
1181 2122 1221 2160 -se
1239 2119 1440 2163 habebunt
1458 2121 1498 2162 in
1517 2121 1603 2162 vase
1622 2121 1767 2174 rig-ido.
1804 2123 1905 2163 Nam
1927 2125 1968 2165 in

440 2180 570 2220 fluido
587 2178 743 2218 infinito
761 2175 992 2216 constitutio
1002 2174 1218 2219 Vorticum
1235 2173 1446 2217 innotescit
1466 2188 1536 2229 per
1555 2168 1841 2229 Propofitionis
1859 2176 1970 2231 hujus

439 2233 712 2274 Corollarium
733 2231 900 2270 sextum.
1290 2276 1293 2279 Ι

496 2286 767 2338 Proprietates
804 2292 935 2323 autem
975 2282 1192 2324 Vorticum
1226 2282 1300 2324 hae
1337 2281 1615 2334 Propofitione
1643 2285 1874 2339 investigare
1902 2299 1971 2326 co·

436 2351 554 2390 ,natus
574 2341 661 2384 sum
678 2371 691 2387 ¹,
731 2347 776 2382 ut
802 2345 1072 2392 pertentarem
1101 2336 1208 2392 fiqua
1225 2338 1377 2380 ratione
1406 2337 1676 2382 Phaenornena
1703 2340 1877 2382 coelestia
1903 2353 1974 2393 per

1837 2392 1978 2435 Vorti-
