2079 3033
426 156 499 206 388
689 147 1182 198 PHILOSOPHIAE
1216 143 1655 209 NATURALIS¹

508 278 514 286 “
593 295 1008 340 PROPOSITIO
1034 292 1150 336 XXI.
1206 266 1771 334 THEoREMA‘Xvn.
1802 319 1833 331 .,
1911 337 1913 341 ,

427 388 610 446 'Panna
633 390 999 458 AEquinoflialia
1022 388 1199 456 regredi
1223 429 1236 449 ‚
1286 385 1346 439 &²
1367 405 1498 436 axem
1521 385 1863 453 Terraefingulis
1887 405 1960 458 ref

508 461 797 512 volutionibus
820 461 977 509 annuis
1001 457 1197 508 nutando
1222 457 1284 505 bis
1306 456 1517 504 inclinari
1541 455 1587 502 in
1611 454 1882 524 Eclipticam

745 528 806 581 &
826 528 889 578 bis
912 528 1061 577 redire
1085 526 1152 576 ad
1162 525 1422 594 pcfitionetn
1435 526 1652 593 priorem.

482 637 609 681 Patet
635 649 706 691 per
743 635 883 682 Corol,
914 648 978 675 20.
1015 634 1136 686 Prop.
1166 643 1282 672 vat.
1321 630 1412 692 Lib.
1438 628 1477 671 Ἰ.
1510 628 1667 690 ‚Motus
1713 638 1849 690 tamen
1892 601 1962 671 iste

427 691 594 786 tgultzmdi
638 690 876 755 perexiguus
912 687 990 729 effe
1027 687 1148 729 debet
1166 714 1178 734 ,
1224 684 1267 726 &
1296 698 1364 726 le
1390 693 1456 726 aut
1483 695 1534 724 ne
1562 693 1632 743 vix
1656 683 1822 736 quidem
1849 683 1965 725 senfi-

614 862 1188 919 PRopoStTtoxxn.
1217 857 1627 914 THEOREMA
1653 857 1802 901 va.
1834 895 1836 897 ,

435 961 589 1012 Motus
610 980 754 1013 omnes
779 961 989 1011 Lunares
1011 1002 1025 1023 ‚
1075 965 1308 1029 omnesque
1340 974 1535 1027 motuum
1570 960 1896 1028 inaequalitates
1914 978 1968 1009 ex

870 1031 1020 1080 allatis
1040 1032 1282 1099 Principiis
1306 1031 1520 1098 consequi.

486 1137 671 1179 planetas
689 1137 856 1190 majores
875 1167 887 1186 ,
923 1138 1075 1179 interea
1094 1138 1192 1178 dum
1213 1136 1319 1177 circa
1338 1133 1472 1176 Solem
1499 1135 1682 1176 feruntur
1698 1164 1709 1182 ,
1745 1135 1854 1189 poss'e
1872 1136 1968 1178 alios

430 1190 607 1232 minores
627 1193 781 1233 circum
800 1192 839 1232 se
857 1192 1108 1233 revolventes
1117 1191 1299 1232 Planetas
1319 1189 1478 1230 deferre
1497 1198 1509 1236 ,¹
1531 1189 1589 1229 ἀ
1615 1189 1790 1230 minores
1807 1190 1893 1230 illos
1921 1191 1965 1233 in

431 1244 639 1298 Ellipfibus
659 1275 671 1293 ‚
706 1246 917 1287 umbilicos
943 1245 985 1285 in
1014 1245 1160 1286 centris
1188 1244 1382 1297 majorum
1411 1243 1645 1284 habentibus
1665 1272 1676 1288 ‚
1714 1243 1866 1284 revolvi
1896 1243 1968 1286 de-

432 1297 530 1340 bere
564 1297 674 1353 patet
700 1311 772 1353 per
802 1299 922 1353 Prop.
951 1311 1043 1340 va.
1071 1298 1163 1339 Lib.
1188 1299 1216 1339 I.
1262 1296 1436 1338 Aetione
1462 1299 1596 1338 autem
1631 1296 1731 1337 Solis
1759 1296 1966 1350 perturba-

350 1393 353 1395 .
432 1351 581 1394 buntur
608 1366 750 1393 eorum
778 1364 911 1394 motus
947 1352 1218 1399 multimode,
1254 1351 1380 1405 iisque
1415 1350 1652 1392 adficientur
1688 1351 1967 1404 inaequalitati-

430 1406 504 1447 bus
531 1419 622 1460 quae
659 1407 698 1447 in
736 1406 855 1447 Luna
890 1406 1022 1447 nostra
1057 1415 1260 1447 notantur.
1316 1404 1423 1446 Haec
1451 1405 1590 1459 utique
1630 1406 1728 1457 (per
1761 1404 1901 1446 Corol.
1927 1419 1966 1454 2,

433 1474 472 1509 3,
498 1475 535 1510 4,
564 1460 604 1500 &
635 1473 668 1510 5.
697 1459 985 1514 Prop.va1.)
1015 1459 1192 1501 velocius
1221 1469 1409 1500 movetur
1427 1488 1439 1506 ‚
1475 1472 1534 1513 at:¹
1558 1458 1671 1499 radio
1706 1458 1757 1498 ad
1791 1458 1964 1500 Terram

433 1513 558 1563 duGtO
596 1513 782 1555 describit
820 1527 952 1555 aream
987 1527 1062 1568 pro
1099 1524 1284 1567 tempore
1314 1513 1536 1564 majorem,
1582 1511 1969 1567 Orbemquehabet'

432 1567 563 1608 minus
581 1580 770 1616 curvum,
798 1577 919 1621 atque
937 1568 1040 1609 adeo
1060 1567 1224 1621 propius
1242 1567 1399 1608 accedit
1419 1566 1468 1606 ad
1487 1565 1658 1607 Terram
1678 1595 1689 1613 ,
1726 1566 1765 1606 in
1785 1566 1966 1620 Syzygiis

433 1633 554 1675 quam
573 1621 614 1661 in
633 1621 924 1674 Quadraturis‚
959 1622 1029 1661 nifi
1055 1631 1252 1674 quatenus
1278 1620 1448 1672 impedit
1474 1628 1607 1659 motus
1635 1619 1982 1662 Eccentricitatia-⁴

434 1675 727 1716 Eccentricitas
758 1676 866 1714 enim
896 1674 1068 1714 maxima
1104 1673 1160 1712 est
1199 1676 1296 1725 (per
1324 1673 1463 1712 Corol.
1494 1685 1530 1723 9.
1566 1671 1688 1724 Prop.
1715 1673 1860 1723 LXVI.)
1896 1673 1965 1715 ubi

438 1730 669 1781 Apogaeum
688 1727 819 1768 Lunae
837 1727 877 1767 in
898 1727 1076 1780 Syzygiis
1097 1725 1269 1765 versatur
1287 1754 1299 1772 ,
1335 1725 1374 1764 &
1395 1724 1558 1764 minima
1575 1724 1641 1764 ubi
1659 1725 1769 1765 idem
1794 1726 1835 1766 in
1853 1727 1964 1779 Qua-

438 1782 608 1823 draturis
627 1779 831 1826 confistit;
871 1780 912 1819 δε
944 1781 1039 1819 inde
1067 1779 1184 1819 Luna
1209 1779 1251 1819 in
1277 1778 1461 1830 Perigaeo
1491 1778 1669 1818 velocior
1697 1778 1753 1819 est
1780 1779 1820 1818 &
1849 1780 1965 1821 nobis

439 1835 606 1888 propior
625 1862 636 1879 ‚
664 1835 704 1874 in
724 1836 910 1886 Apogaeo
935 1843 1068 1872 autern
1101 1832 1252 1872 tardior
1282 1832 1322 1871 &
1351 1831 1546 1871 remotior
1571 1831 1612 1871 in
1638 1832 1816 1885 Syzygiis
1845 1845 1964 1885 quam

441 1890 482 1929 in
509 1887 782 1941 Quadraturis.
839 1886 1103 1939 progreditur
1131 1885 1289 1938 insuper
1317 1885 1544 1937 Apogaeum
1561 1913 1573 1931 ,
1614 1883 1655 1924 &
1682 1884 1979 1938 ‘regrediuntur'

441 1942 550 1982 Nodi
573 1970 584 1987 ,
619 1942 686 1980 sed
706 1951 817 1980 motu
843 1939 1078 1992 inaequabili.
1133 1938 1187 1978 Et
1212 1940 1439 1991 Apogaeum
1458 1937 1623 1990 quidem
1654 1939 1750 1990 (per
1770 1938 1907 1980 Corol.
1929 1955 1964 1990 7.

441 1995 481 2037 &
502 1995 539 2035 8.
569 1994 847 2047 P1·op.va1.>
885 1994 1060 2033 velocius
1089 1991 1344 2046 progreditur
1375 1992 1416 2031 in
1453 1990 1631 2044 Syzygiis
1666 1991 1742 2033 suis
1770 2021 1781 2039 ‚
1817 1994 1966 2036 tardius

441 2049 669 2100 regreditur
695 2047 736 2088 in
764 2046 1023 2100 Qadraturis
1043 2075 1054 2093 ‚
1100 2046 1139 2085 &
1176 2044 1332 2087 excessu
1358 2044 1581 2098 progreflus
1606 2045 1719 2097 supra
1748 2047 1964 2099 regressum

442 2102 646 2143 annuatim
682 2101 809 2141 fertur
845 2101 886 2141 in
920 2100 1210 2152 consequentia.
1284 2099 1396 2139 Nodi
1430 2108 1564 2139 autem
1604 2099 1704 2151 (per
1741 2098 1879 2141 Corol.
1906 2115 1962 2144 11.

446 2156 567 2207 Prop.
585 2157 727 2205 LXVI.)
757 2155 963 2207 quiescunt
979 2154 1019 2194 in
1050 2153 1228 2207 Syzygiis
1259 2153 1332 2194 suis
1352 2181 1363 2200 ,
1402 2152 1441 2192 δε
1461 2151 1705 2193 velociffime
1732 2155 1962 2206 regrediun-

445 2218 509 2248 tur
537 2210 576 2247 in
606 2208 880 2261 Quadratus-is.
937 2207 1016 2248 Sed
1046 2207 1087 2247 &
1115 2207 1239 2260 major
1276 2205 1333 2246 est
1370 2206 1499 2246 Lunae
1526 2205 1698 2246 latitudo
1727 2208 1964 2251 maximam

441 2263 558 2315 ipsius
594 2261 856 2314 Quadraturis
895 2265 990 2314 (per
1025 2261 1164 2314 Coroi.
1203 2274 1262 2311 ro.
1298 2259 1418 2312 Prop.
1448 2261 1592 2310 LXVI.)
1628 2273 1745 2313 quam
1774 2261 1815 2301 in
1843 2263 1966 2316 Syzy-

446 2316 544 2370 giis:
577 2314 616 2356 &
642 2324 776 2357 motus
802 2314 956 2357 medius
985 2313 1137 2357 tardior
1163 2314 1205 2356 in
1234 2312 1431 2357 Perihelio
1467 2312 1611 2355 Terrae
1641 2316 1735 2369 (per
1761 2314 1898 2356 Corol.
1927 2320 1962 2357 6.

1843 2367 1963 2426 Prop.
